original_id_2016;name;address;eindcijfer;conclusie;vers_van_het_mes;beroodeling;cijfer;rijping;schoonmaak;gewicht;prijs_per_stuck;prijs_per_100g;temp;vet_percentage;micro
1;Vishandel Gebroeders Simonis;Visafslagweg 20 - Den Haag;10;Team-Simonis stond weken op scherp 'zoals wij dat het hele jaar willen zijn'. Wie de lat voor zichzelf hoog legt en eroverheen kan springen is een terechte winnaar.;Ja;Dennis Simonis selecteert. Zoon Jordy beslist. Beyhan Turk tovert met haar mes en de rest is geschiedenis. Zonder twijfel de beste haring.;10;Gemiddeld;Zeer goed;61;1.85;3.03;2.6;14.2;Zeer goed
2;Vishandel Atlantic;Levendaal 118 - Leiden;9.97;Atlantic grijpt net naast de hoofdprijs. Geen schande want de concurrentie wordt elk jaar groter. Na drie eerste plaatsen in voorgaande jaren wederom een topprestatie.;Ja;Atlantic dubde lang welke partij van de groothandel zou worden betrokken. Vanzelfsprekend pakte de keuze goed uit. Topharing. Ga proeven!;9.97;Gemiddeld;Zeer goed;66;1.75;2.65;2.0;13.5;Zeer goed
3;Volendammer Vishandel Koning;Bogaardplein 10 - Rijswijk;9.97;Lastig verwerkbare haring bezorgt Koning menig zweetdruppeltje. Het tekent de vakman dat hij zich ook onder die omstandigheden in de top weet te handhaven.;Ja;Fanatieke visdetaillist zoekt tot op het laatste moment naar de ideale partij haring. Die Vindt hij. Hij vertrouwt de nieuwe leverancier en scoort!;9.97;Gemiddeld;Zeer goed;66;1.95;2.95;4.2;14.6;Zeer goed
4;Volendammer Visspecialist Tom Tuijp;Middenburcht 7 - Vleuten;9.5;Tuijp heeft zich min of meer een vaste plaats in de top 10 verworven. Hij werkte zich in een paar jaar tijd op tot een van de betere viswinkels van Nederland. Fraaie prestatie.;Ja;Tom Tuijp heeft een goede hand van haring kiezen en weet ook met het visje om te gaan. Hollandse nieuwe waar je je vingers bij opeet. Geweldig!;9.5;Gemiddeld;Zeer goed;75;2.30;3.06;2.2;14.1;Zeer goed
5;Schmidt Zeevis;Matlingeweg 333 - Rotterdam;9.5;Vanuit het nieuwe onderkomen - met Rotterdamse flair gebouwd in de vorm van een schip - geeft Schmidt een fraai visitekaartje af. Oprechte felicitaties dat dit is gelukt.;Ja;Schmidt zet zijn beste beentje voor met perfect gesneden topharing. Komt een fractie tekort op 'romig' maar wie daarover valt is een zeurpiet.;9.5;Gemiddeld;Zeer goed;73;2.50;3.42;1.5;1.3;Zeer goed
6;Visgilde Oosterschelde;Lombardenstraat 2 - Bergen op Zoom;9.5;Martha Schot en zoon Arie staan als een rots in de branding. Visgilde Oosterschelde is een van de weinige viszaken buiten de Randstad waar de waar altijd in orde is.;Ja;Hollandse nieuwe zoals Hollandse nieuwe bedoeld is. Hier vieren je smaakpapillen hun eigen feestje. Is er toevallig nog eentje extra over?;9.5;Gemiddeld;Zeer goed;58;2.10;3.62;1.5;14.6;Goed
7;Visgilde Gebroeders De Block;Raadhuisplein 57a - Krimpen aan den IJssel;9.5;Gebroeders De Block bewijzen al jarenlang dat zij de haring in hun vingers hebben. Zo lang aan de top meedraaien is geen toeval - daar komt vakmanschap en inzet bij kijken.;Ja;Haringsnijdster levert schitterend werk. Hollandse nieuwe met een lekkere bite. Alle bekende superlatieven zijn ook hier weer van toepassing.;9.5;Gemiddeld;Zeer goed;63;2.20;3.49;4.1;10.6;Zeer goed
8;Visspecialist Sluizeman;Baronie 90 - Alphen aan den Rijn;9.5;Een paar jaar geleden liepen Jack en Angelique Hendriks het haringvirus op en sindsdien verbeteren zij zich alleen maar. Voor het tweede jaar in de top 10. Mooie prestatie!;Ja;De hele rij bekende steekwoorden kan hier moeiteloos worden ingevuld: Fris. Mals. Zilt. Romig. Zilver. Blank. Witte speklaag. Glanzend. Top.;9.5;Gemiddeld;Zeer goed;78;2.25;2.88;4.3;9;Zeer goed
9;Vishandel Ruud den Haan;Oudedijk 145 - Rotterdam;9.03;De nummer 2 van vorig jaar handhaaft zich in de bovenste regionen. Kleine winkel waar Kwaliteit en Klantvriendelijkheid nog met een hoofdletter worden geschreven.;Ja;Den Haan maakt de hooggespannen verwachtingen waar met een Hollandse nieuwe die smelt op de tong. Wat kan haring toch lekker zijn.;9.03;Gemiddeld;Zeer goed;71;2.25;3.16;1.9;13.4;Zeer goed
10;Visspecialist Struik;Verkoopwagen vrijdag Maenstand - Ouderkerk aan den IJssel;9.03;Daan Struik verbaast vriend en vijand. Aan hem nu de beslist niet gemakkelijke opdracht om dit niveau vast te houden. Dat zal moeilijker zijn dan hij waarschijnlijk vermoedt.;Ja;Dit is gemakkelijk beoordelen: alles is zeer goed. Een uiterst aangename verrassing. Hollandse nieuwe waarvoor je naar de standplaats rijdt.;9.03;Gemiddeld;Zeer goed;65;2.10;3.23;-0.9;14.7;Zeer goed
11;Lekkerkerkse Vishandel W. Verwaal;Dagmarkt vrijdag Hoofdstraat - Krimpen aan den Lek;9.03;Jonge ondernemer geeft er blijk van dat hij weet waarmee hij bezig is. Dat is een verademing en het verklaart tevens de grote schare klanten bij de verkoopwagen.;Ja;Soms loop je een pareltje tegen het lijf. Een verkooppunt waar vrijwel alles klopt. Zou iets romiger kunnen maar eigenlijk gewoon voortreffelijk.;9.03;Gemiddeld;Zeer goed;57;2.25;3.94;1.6;16.3;Goed
12;Viswinkel De Lange;Marcelisstraat 37b - Den Haag;9.03;"Gedreven visman probeert het beste uit zijn zaak en zichzelf te halen. Levert een meer dan goede haring. Kleine zaak; lastig parkeren maar de moeite waard.";Ja;Dit is een haring waarover alleen maar in lovende bewoordingen valt te spreken. Klopt technisch en visueel en qua smaak. Wat wil je nog meer?;9.03;Gemiddeld;Zeer goed;45;2.00;4.44;5.8;11.6;Voldoende
13;Visspecialist Stevenshof;Stevensbloem 163 - Leiden;9;Rian Hoek is schatplichtig aan leermeester Kees Koning. Hij streeft ernaar in zijn net geopende winkel de Hollandse nieuwe op de kaart te zetten. Een goed begin is het halve werk.;Ja;Als zonen van een haringgroothandelaar zitten de broers Rian en Tim Hoek dicht bij het vuur. Mooie haring met uitsluitend positieve eigenschappen.;9;Gemiddeld;Zeer goed;61;1.85;3.03;2.1;12.3;Zeer goed
14;Visgilde Steehouwer;De Schoof 80 - Hendrik-Ido-Ambacht;9;Noblesse oblige en dat heeft oud-winnaar Peter Steehouwer prima begrepen. Ook hij geeft aan dat het dit jaar wel extra inspanning vereist om op topniveau te presteren.;Ja;Hollandse nieuwe uit het boekje. Zilver vanbuiten. Mooie glans en een witte speklaag. Vanbinnen fris rood en blank. Mals. Zilt. Romig. Goed werk.;9;Gemiddeld;Zeer goed;68;2.10;3.08;2.8;16.5;Zeer goed
15;Visgilde Teun van der Toorn;Doortocht 3b - Bodegraven;9;Na een bezoek aan de supermarkt herken je hier de meerwaarde van de echte visdetaillist. Van der Toorn is een positief uithangbord voor de gehele branche.;Ja;Hier kennen ze het geheime behandelplan van dit maatje. Houd hem koud en nog eens koud. Dan behoud je zeker de optimale smaak.;9;Gemiddeld;Zeer goed;63;2.25;3.30;2.6;12;Zeer goed
16;Visspecialiteiten 't Vissertje;Mercatorplein 105 - Apeldoorn;9;Andre Vukkink moet in zijn eigen woorden 'het onderste uit de kan halen' om deze moeilijke haring op een fatsoenlijke manier af te leveren. Dat lukt hem echter wonderwel.;Ja;Een Hollandse nieuwe met een lekkere beet. Ziet er ook aantrekkelijk uit. Mals. Zilt en romig. Top maar mist net de finesse voor dat puntje meer.;9;Gemiddeld;Zeer goed;65;2.25;3.46;0.7;13;Zeer goed
17;Zeevishandel De Botter;Hessenweg 185a - De Bilt;9;"De Botter presteert met zijn haring steeds beter. Waren het in het verleden steeds zesjes; nu is hij echt doorgedrongen tot de top. Dat moet nieuwe klanten opleveren.";Ja;Jarenlange inspanningen beloond. Erg goede haring. Zilte geur. Glanzend. Fris zilver en witte speklaag. Mals in de mond. Zilt en romig nog aanwezig.;9;Gemiddeld;Zeer goed;63;2.50;3.96;-1.4;14;Zeer goed
18;Visspeciaalzaak Havenzicht;Bisschopsmolenstraat 96 - Etten-Leur;9;Een paar jaar geleden opende Havenzicht de deuren. Vanaf het begin is het niveau hoog geweest. Knap als je dat voor elkaar krijgt. Ga vooral zo door.;Ja;Een topadres waar gewoon elke haring vers van het mes komt. Met zorg en aandacht behandeld. Mals en zilt en nog iets romig.;9;Gemiddeld;Zeer goed;62;2.20;3.54;3.9;15.5;Zeer goed
19;Volendammer Vishandel Johan Schilder;Europaboulevard 361 - Alkmaar;9;Het is altijd een lust voor het oog om een vakman aan het werk te zien. Johan Schilder laat niet voor het eerst zien dat hij weet waar hij mee bezig is. Oordeel zelf.;Ja;Hollandse nieuwe ligt erbij als een plaatje. Je ruikt de zee. Mooi blank en fris rood. In de smaak komen zilt en romig terug. Kortom: een toppertje.;9;Gemiddeld;Zeer goed;79;2.00;2.53;4.1;13.0;Zeer goed
20;Visspecialist Martin den Heijer;Fahrenheitstraat 656 - Den Haag;9;Mooie recent geopende viszaak met schitterend interieur. Als je dan ook nog eens een uitstekend maatje geserveerd krijgt weet je dat je een nieuw topadres hebt ontdekt.;Ja;Den Heijer werd bij wijze van spreken met een haring in zijn mond geboren. Dan weet je waarmee je bezig bent en dat blijkt. Gewoon erg goed.;9;Gemiddeld;Zeer goed;54;2.00;3.70;4.3;18.8;Goed
21;Visspecialist Hellevoetsluis;Struytse Hoeck 319a - Hellevoetsluis;9;Een paar jaar geleden zou de Visspecialist met dit eindcijfer nog in de top 10 hebben gestaan. Door de toegenomen concurrentie lukt dat nu niet. De prestatie is niet minder.;Ja;Hier wordt een mens nou blij van. Alleen maar positieve eigenschappen. Ligt er wonderschoon bij. Mals. Zilt en romig. Gewoon erg lekker.;9;Gemiddeld;Zeer goed;53;1.95;3.67;4.5;16.5;Zeer goed
22;Spakenburgse Vishandel H.C.de Graaf;Kruisstraat 6 - Woerden;9;De Graaf heeft gemerkt dat een goede Hollandse nieuwe bijdraagt aan het succes van zijn winkel en omzet genereert. Scoort zijn hoogste cijfer sinds jaren. Van harte.;Ja;"Een verrassing zowel op uiterlijk als op smaak. Oogt fris: zilver met een witte speklaag vanbuiten; helderrood en blank vanbinnen. Mals en romig.";9;Gemiddeld;Zeer goed;70;2.25;3.21;4.7;17.4;Zeer goed
23;Vis.;Lange Baan 34 - Nootdorp;9;Jonge ondernemer beseft dat haring een van de pijlers is waarop de zaak drijft en doet er alles aan zich op dit punt te onderscheiden. Dat doet hij prima. Ga maar proeven.;Ja;Ondanks de zenuwen zeer goed schoongemaakt. Ruikt fris en zilt. Op zowel binnen- als buitenzijde is niets aan te merken. Geweldige smaak.;9;Gemiddeld;Zeer goed;62;2.25;3.62;5.3;13.9;Zeer goed
24;Grootveld Visspecialiteiten;Koningin Julianaplein 267a - Voorburg;9;Als een detaillist weet hoe hij deze kwaliteit haring moet behandelen ligt een hoog cijfer al snel in het verschiet. Grootveld grijpt zijn kans en scoort. Keurig gedaan.;Ja;Weer een haring die alles heeft om ook de kritische klant tevreden de deur te laten uitgaan. Goed schoongemaakt. Ruikt en oogt lekker. Smaakt prima.;9;Gemiddeld;Zeer goed;64;2.20;3.43;5.6;12.6;Zeer goed
25;Fijnvishandel Santpoort aan Zee;Broekbergenlaan 44-46 - Santpoort;9;Er zijn van die viswinkels waar het een genot is om binnen te stappen. Dit is er zo een. De zorg voor de haring is ook terug te vinden in de rest van het assortiment. Keurig!;Ja;Een van de betere Hollandse nieuwe in handen van een vakkundig detaillist. Perfect schoongemaakt. Fris rood op de graat en mooi blank visvlees.;9;Gemiddeld;Zeer goed;79;2.30;2.91;6.1;11.3;Goed
26;Visgilde Bieshof;Van Eesterenplein 96 - Dordrecht;9;Ook op dit adres zijn er heel wat uurtjes gaan zitten in de manier waarop het beste met de haring kan worden omgegaan. Die investering betaalt zich op zeker moment uit.;Ja;Dat laatste beetje dat deze Hollandse nieuwe tot een echte topper zou maken ontbreekt. Toch geen klagen. Bieshof serveert een erg goede haring.;9;Gemiddeld;Zeer goed;57;2.00;3.50;6.8;10.5;Zeer goed
27;Vishandel Peter Nuninga de Haringspecialist;Verkoopwagen dagmarkt Grootzand - Sneek;8.5;"Nuninga heeft een prima haring onder handen. En hoewel dat in een verkoopwagen extra moeilijk is; blijft bewaking van de temperatuur belangrijk. Voor de rest gewoon prima.";Ja;Goed schoonmaken is het halve werk. Zilver en glanzend. Segmenten aan buitenzijde zichtbaar. Vanbinnen beetje bruin. Nog iets zilt en romig.;9;Gemiddeld;Zeer goed;55;2.00;3.63;8.1;13;Zeer goed
28;Bartjes Vis;Deldensestraat 31 - Almelo;8.5;Dolblij zijn ze hier dat ze hun goede cijfer van vorig jaar mogen verdedigen. Er is veel energie gestoken in het beheersen van de temperatuur. En dat werpt vruchten af.;Ja;Een haring uit de subtop. Als grondstof bijna te goed en daardoor extreem gevoelig voor verval. Goed maar niet meer echt zilt en romig.;8.5;Gemiddeld;Zeer goed;71;2.00;2.81;-0.8;15.1;Zeer goed
29;Dirks Vishandel;Hoornesplein 129 - Katwijk aan Zee;8.5;Fraai verbouwde winkel is het bewijs dat Dirk zijn onderneming tot een succes weet te maken. Presteert bovengemiddeld. Vraag is of de ambities nog verder reiken.;Ja;Ziet er zowel vanbinnen als vanbuiten prima uit. Veel goede smaakeigenschappen zijn behouden gebleven maar de haring is wel aan de zachte kant.;8.5;Gemiddeld;Zeer goed;62;1.95;3.14;2.7;15.8;Zeer goed
30;De Graaf's Visspecialiteiten;Westwal 6 - Leerdam;8.5;Leerdammers mogen blij zijn met een dergelijke viswinkel in de gemeenschap. Hoewel de zenuwen toeslaan met het AD in de winkel wordt toch een goede prestatie geleverd. Top!;Ja;Ruikt en oogt fris. Perfect schoongemaakt. Buitenzijde zilver en witte speklaag Van binnen fris rood en blank. Op smaak iets belegen. Gewoon goed.;8.5;Gemiddeld;Zeer goed;69;2.25;3.26;3.3;15.7;Zeer goed
31;Zeevishandel Kees Vrolijk;Lange Tiendeweg 61 - Gouda;8.5;Scheveninger Kees Vrolijk groeide op in de vis en bracht al die kennis samen in een mooie winkel. Weet van de hoed en de rand. Haring is hier in vertrouwde handen.;Ja;De top. Dus natuurlijk goed schoongemaakt en fris van geur. Buitenzijde zilver met een witte speklaag. Van binnen fris en transparant. Iets romig.;8.5;Gemiddeld;Zeer goed;67;2.00;2.98;3.6;12.7;Zeer goed
32;Vishandel Volendam;Godebaldkwartier 80 - Utrecht;8.5;Bekende viswinkel is een oase in de steenwoestijn van het Godebaldkwartier. Met iets zorgvuldiger werken valt hier nog wel enige winst te behalen. Moet te doen zijn.;Ja;Ingewanden. Graten. Opperhuid. Het schoonmaken heeft een hoog Franse-slag-gehalte. Vette haring maar nog wel mals en zilt en romig. Prima.;8.5;Gemiddeld;Matig;76;2.30;3.02;4.1;15.3;Zeer goed
33;Van den Boogaart Visspecialiteiten;Hof van Holland 24 - Zwijndrecht;8.5;Van den Boogaart heeft zo veel vertrouwen in zijn eigen producten dat hij zichzelf voor de test aanmeldt. En terecht want dit is een stuk beter dan gemiddeld.;Ja;Fris en zuiver. Haring is al tikkeltje aangerijpt en de bruinkleuring begint op gang te komen. Toch ook nog een romig element. Kan er zeker mee door.;8.5;Gemiddeld;Zeer goed;66;2.00;3.03;4.6;13.3;Goed
34;Vishandel Sannie Bont;Passage 77 - Nieuwegein;8.5;"Sannie Bont plaatste zich vorig jaar nog in de top 10; maar grijpt daar dit jaar naast. De oorzaak ligt in de toegenomen concurrentie en een lastig verwerkbare haring.";Ja;Fris rood en transparant visvlees. Buitenzijde is mooi zilver. Oogt om onmiddellijk in te bijten. Doe je dat dan mis je het romige. Zonder meer goed.;8.5;Gemiddeld;Zeer goed;66;2.00;3.03;4.7;15.2;Zeer goed
35;Buurman Vis;Stationsstraat 8 - Twello;8.5;Het kost een aantal jaren om het product haring onder de knie te krijgen. Deze visdetaillist weet zich elk jaar een beetje te verbeteren. Daar is leergierigheid en inzet voor nodig.;Ja;"De haring ligt er mooi bij. Strak gesneden. Zilver vanbuiten. Fris rood en blank vanbinnen. Aangerijpt; mist zilt en romigheid. Maar toch smakelijk.";8.5;Gemiddeld;Zeer goed;71;2.25;3.16;6.3;11.5;Goed
36;Langouste;Winterakker 27 - Spijkenisse;8.5;Langouste vaart wel bij de goede kwaliteit haring dit jaar en scoort hoog. Nu is het de uitdagende opdracht dit niveau ook de rest van het jaar vast te houden.;Ja;"Frisse haring met nog iets van een zilte geur. Helderrood vanbinnen; zilver aan buitenzijde. Mals en nog een tikkeltje romig. Weer een van de betere.";8.5;Gemiddeld;Zeer goed;67;1.85;2.76;6.6;9.8;Zeer goed
37;Vishandel Peter van Jaan;Schutstraat 36 - Hoogeveen;8.5;Een visdetaillist die zijn vak verstaat: altijd een genoegen in een regio waar de hoge cijfers niet voor het opscheppen liggen. De moeite van een tussenstop waard.;Ja;Hoogeveen ligt zo'n 100 kilometer van de (Wadden)kust maar je ruikt de zee. Een Hollandse nieuwe met een stevige beet. Nog een tikkeltje romig.;8.5;Gemiddeld;Zeer goed;67;2.00;2.98;6.7;12.2;Zeer goed
38;Visgilde Hans Visscher;Melkmarkt 32 - Zwolle;8.5;Visgilde Hans Visscher is al vele jaren een betrouwbare vaste waarde. Altijd uiterst verzorgd een genoegen om hier binnen te lopen. Moet u ook doen als u in de buurt bent.;Ja;Frisse iets gerijpte geur. Helaas mis je het zilte en romige in de smaak. Maar zeker een Hollandse nieuwe waarvan je met volle teugen kunt genieten.;8.5;Gemiddeld;Zeer goed;66;2.10;3.18;3.6;11.9;Zeer goed
39;Vishandel Eddy;Weststraat 12 - Ouddorp;8;Met zijn stalletje bij de kerk heeft Eddy zich een zekere reputatie verworven in Ouddorp. Die zet hij voort in de winkel. De temperatuur is een verbeterpuntje.;Ja;De haring kan er nu nog goed mee door maar het omslagpunt ligt binnen handbereik. De bruinkleuring heeft al ingezet. Iets belegen smaak.;8.5;Gemiddeld;Zeer goed;72;1.95;2.70;7.3;15.4;Voldoende
40;Vistaria Schaap;Ootmarsumsestraat 296 - Almelo;8;Zaak met een eigen dynamiek waar het rond etenstijd topdrukte is. Op zo'n moment dan ook nog aandacht kunnen geven aan een verse Hollandse nieuwe getuigt van klasse.;Ja;"Een van de betere haringen uit de subtop. Zilver vanbuiten; fris en transparant vanbinnen. Nog iets van zilt en romig te bespeuren. Aan de zachte kant.";8.5;Gemiddeld;Zeer goed;66;2.25;3.40;7.3;14.4;Zeer goed
41;Heeren van de Zee;Verkoopwagen zaterdag bij winkelcentrum Rijkerswoerd - Arnhem;8;Keurige verkoopwagen van waaruit jonge ondernemers met zichtbaar plezier aan de slag zijn. Exponenten van een nieuwe generatie visdetaillisten. Nu dit niveau vasthouden.;Ja;"Haring oogt fris. Maar het gevaar ligt op de loer; karamelkleuring heeft al ingezet. Goed van smaak maar het romige is verdwenen. Licht gezouten.";8.5;Gemiddeld;Zeer goed;56;1.95;3.48;8.3;8;Zeer goed
42;Visspecialist Theo Tax;Promenade 35-37 - Malden;8;Tax durft voor zijn Hollandse nieuwe een stevige prijs te vragen maar klaarblijkelijk wordt dat geaccepteerd. Nu nog proberen ook dat laatste stapje te zetten en de 9 is een feit.;Ja;Het schoonmaken gaat traag maar wel erg zorgvuldig. De beste eigenschappen van deze goede haring zijn verdwenen maar nog steeds prima.;8.5;Sterk;Zeer goed;64;2.35;3.67;8.9;10.3;Zeer goed
43;Visspecialist Pasel;Dierenriemstraat 126 - Groningen;8;Pasel staat al jaren bekend als de beste visdetaillist van Groningen. Maakt van een goede haring een erezaak en werkt daar hard voor. Dat betaalt zich nu niet helemaal uit.;Ja;"Huid nog ruim aanwezig. Op geur nog tikkeltje zilt. Zilver vanbuiten; transparant vanbinnen. Mist in de smaak het zilte en het romige. Dat is jammer.";8;Gemiddeld;Goed;71;2.25;3.16;-0.7;15;Zeer goed
44;Vishandel Bert Blokhuis;Verkoopwagen zaterdag parkeerterrein Lage Engweg - Putten;8;Verkooppunt dat hier een beetje uit de loop staat. Dat de klanten Blokhuis toch in groten getale weten te vinden zegt iets over de naam die hij inmiddels heeft opgebouwd.;Ja;Haring ziet eruit om door een ringetje te halen. Toch zijn de eerste verkleuringen al zichtbaar. Gerijpte smaak. Op zich helemaal niets mis mee.;8;Gemiddeld;Zeer goed;65;2.00;3.07;3.2;15.5;Zeer goed
45;Visspeciaalzaak Van Reenen;Arkendonk 46 - Oosterhout;8;Eigenaar herkent de keurders en pakt direct een nieuwe emmer. Maar wat er niet in zit kan er ook niet uitkomen. Hij is in elk geval scherp en met zijn vak bezig. Dat is prima.;Ja;"Ruikt fris en ziet er goed uit. Glanzend; zilver en fris rood. Toch begint de verkleuring al. Op smaak nog iets zilt en romig met de eerste belegen tonen.";8;Gemiddeld;Zeer goed;61;1.95;3.19;4.6;14;Zeer goed
46;Visspecialist Van Lopik;Piazza Center 27 - Gorinchem;8;Als enige viswinkel in Gorinchem is Van Lopik al vele jaren een vast gegeven in de Haringtest. Scoort altijd minimaal ruim voldoende en dat is op zich een nette prestatie.;Ja;Hier weten ze hoe je haring schoonmaakt. Zowel vanbinnen als vanbuiten ziet het beestje er uitstekend uit. Smaak iets minder maar wel goed.;8;Licht;Zeer goed;55;1.95;3.54;5.1;11.3;Zeer goed
47;Ten Have's viswinkel;Achterstraat 4 - Hattem;8;Met een kleine viswinkel is het hard werken om het hoofd boven water te houden. Als dieven er dan vandoor gaan met je verkoopwagen is het leven wel erg hard. Sterkte.;Ja;"Haring ziet er zowel aan binnen- als buitenzijde goed uit. Fris rood en blank visvlees. Is al iets aangerijpt; mist zilt en romig. Maar geen afwijkingen.";8;Gemiddeld;Zeer goed;51;1.95;3.82;5.3;14.3;Goed
48;Fizzi;Noorderkeerkring 14 - Alphen aan den Rijn;8;Ook Fizzi ontwikkelt zich. Elk jaar wordt een klein stapje voorwaarts gezet en dat is leuk om te merken. Klanten reageren dan ook enthousiast op de haring.;Ja;"Petje af voor de haringsnijdster! Frisse geur. Vanbuiten zilver; vanbinnen fris rood en blank. Op smaak iets gerijpt mist het zilte en romige.";8;Gemiddeld;Zeer goed;63;2.25;3.30;6.8;12.1;Zeer goed
49;Viscircus gebroeders Koning;Belfort 128 - Almere;7.5;Viscircus Koning presteert al jaren op een redelijk hoog niveau. Op smaak ook dit keer goed. Koning zette afgelopen week alles op alles om lek in hygiene boven water te krijgen.;Ja;"Perfect schoongemaakt en dat blijft een lust om te zien. Iets gerijpte smaak; in de verte nog een tikkeltje romigheid. Gewoon een keurige haring.";8.5;Gemiddeld;Zeer goed;69;2.10;3.04;2.8;12;Slecht
50;Vishandel Vossole;1e Hogeweg 1 - Zeist;7.5;Eigenaar is het niet eens met kritische opmerkingen in verleden en lucht zijn hart. Dat mag. Communicatie is de basis voor wederzijds begrip.;Ja;"Visvlees is aan de zachte kant; hier en daar begint de bruinkleuring al. Ruikt fris en iets gerijpt. Met wat goede wil is het romige nog terug te vinden.";8;Gemiddeld;Goed;76;2.25;2.96;7.6;13.1;Zeer goed
51;Viswinkel De Noordzee;Spoorsingel 73 - Beverwijk;7.5;Zeker met deze kwaliteit haring blijft de temperatuur een aandachtspunt. De enthousiaste ondernemer moet dat kunnen verbeteren. Mooie zaak waar je je welkom voelt.;Ja;Een paar graatjes. Frisse geur. Visvlees aan de zachte kant. Segmenten aan buitenzijde zichtbaar. Goed van smaak maar mist het zilte en romige.;8;Gemiddeld;Goed;72;1.95;2.70;8.2;14.3;Zeer goed
52;De Visfuik;De Millystraat 9 - Zuidlaren;7.5;De Visfuik heeft met zijn haring een goede naam opgebouwd. Ook nu wordt degelijk werk geleverd. Maar soms is de natuur te gul met lastige te vette haring.;Ja;Goede haring maar het fermentatieproces gaat snel. Dat is in de smaak terug te vinden. Tikkeltje vet en olieachtig. Mist het frisse van topharing.;8;Gemiddeld;Zeer goed;65;2.00;3.07;9.1;15.1;Zeer goed
53;Vishandel Heijeplein;J.P. Heijeplein 1 - Dordrecht;7.5;Kleine buurtzaak waar het de ondernemer ongetwijfeld de nodige moeite zal kosten het hoofd boven water te houden. Een goede haring kan daarbij een prima hulpmiddel zijn.;Ja;Haring wordt met veel aandacht schoongemaakt. Dat betekent wel dat de temperatuur oploopt. Zacht en iets olieachtig. Toch nog goed te noemen.;8;Gemiddeld;Zeer goed;77;1.85;2.40;9.7;10.6;Voldoende
54;Vishandel De Klok;Herenstraat 43 - Voorhout;7.5;De Klok heeft een trouwe klantenkring die het bedrijf massaal voor deelname aan de test aanmeldde. Deze haring verdient helaas echter niet de loftrompet.;Ja;"Keurige middenmoter. De beste smaakeigenschappen zijn verdwenen; het rijpingsproces is flink op gang. Geen echt negatieve eigenschappen.";7.5;Gemiddeld;Zeer goed;62;2.00;3.22;2.9;12.7;Zeer goed
55;Visgilde Lijffijt & De Jong;Biltstraat 50 - Utrecht;7.5;De test blijft een momentopname en Lijffijt & De Jong kunnen beter. Aardig initiatief: de verkoop van zeewier-graanjenever van lokale distilleerderij De Pronckheer (sinds 1861);Ja;Het bekende probleem: zeer goede haring heeft al een tikje gekregen en is in kwaliteit achteruit gegaan. Karamelkleurig. Tikkeltje belegen smaak.;7.5;Gemiddeld;Zeer goed;80;2.25;2.81;3.2;16.4;Zeer goed
56;Vishandel Nieuwland;Zonnewijzer 14 - Amersfoort;7.5;Eigenaar Jeroen Tuijp komt er openlijk voor uit dat het runnen van een viswinkel in een veranderende wijk moeite kost. Toch kijkt hij met optimisme naar de toekomst.;Ja;"Teruglopende omzet is ook terug te zien in de haring die over de toonbank gaat. De haring zit langer in de emmer; wordt dus zachter enzovoort.";7.5;Gemiddeld;Zeer goed;63;2.20;3.49;3.3;18.1;Zeer goed
57;Bram & Aaltje;Verkoopwagen dagmarkt dinsdag Brink - Baarn;7.5;Het oog wil ook wat en dat komt in deze fraaie verkoopwagen niet tekort. Gerenommeerde onderneming moet het in zich hebben ook met haring hoger te scoren.;Ja;Iets belegen haring en dan mis je de kenmerkende eigenschappen van de Hollandse nieuwe. Mooi vet. Transparant en zilver. Redelijke smaak.;7.5;Licht;Zeer goed;64;2.25;3.51;5.6;13.1;Zeer goed
58;Mercan's Place;Monseigneur Nolenslaan 420 - Schiedam;7.5;Een adres waar men wel lijkt te willen maar niet precies weet hoe het moet. Een goede haring verkopen is geen kwestie van toeval maar van kennis en vakmanschap.;Ja;Hier speelt het probleem van veel middenmoters. Lang in de pekel zorgt voor zacht en belegen visvlees met grote kans dat haringvetten vrijkomen.;7.5;Gemiddeld;Matig;67;2.00;2.98;5.7;10.8;Zeer goed
59;Visspecialist Klein Scheveningen;Simon Carmiggelthof 49 - Den Haag;7.5;"Niet de eerste zaak die onlangs afscheid nam van het Visgilde om onder eigen vlag verder te varen. Ruimte voor verbeteringen is er zeker; nu is het zaak die ook door te voeren.";Ja;"Dat wat een Hollandse nieuwe tot een echte traktatie maakt is niet meer terug te vinden. Iets verkleurd; tikkeltje belegen. Toch niet echt slecht.";7.5;Gemiddeld;Goed;57;2.00;3.50;6.2;12.2;Goed
60;Bert Zwier;Verkoopwagen Vismarkt - Groningen;7.5;Voor corporaal Groningen is de verkoopwagen van Bert Zwier na een nachtje doorhalen een vast aanlegpunt. Op zo'n moment is een dergelijke haring een prima idee.;Ja;Puik schoongemaakt. Op geur nog iets zilt. Buitenzijde fris en zilver. Binnenzijde mooi transparant visvlees. Maar wel al iets doorgerijpt.;7.5;Gemiddeld;Zeer goed;61;2.00;3.27;6.4;13.4;Goed
61;Balk Visch aan het Spaarne;Friese Varkenmarkt 13a - Haarlem;7.5;Alle overige klanten worden bij de voornaam aangesproken en dat zegt iets over het soort verkooppunt. Gemoedelijk. Vriendelijk. Joviaal en dan is je haring voor je klanten top.;Ja;Iets te veel huid laten zitten. Neutrale geur. Oogt wel fris en transparant. Aan de erg hartige kant. Jammer want dat gaat ten koste van de smaak.;7.5;Gemiddeld;Goed;66;2.50;3.78;6.8;14.8;Zeer goed
62;Volendammer Vishandel Plat & Tol;Westwaarts 76 - Zoetermeer;7.5;"Sommige zaken hebben het; andere niet. Het lijkt hier van het toeval af te hangen welke kwaliteit haring je krijgt. Zaak geeft niet de indruk er bovenop te zitten.";Ja;"Geen topper maar ook geen uitgesproken negatieve eigenschappen. Buitenzijde al een tikkeltje karamel verkleurd; vanbinnen fris. Iets olie.";7.5;Gemiddeld;Zeer goed;76;1.95;2.56;6.9;12.7;Zeer goed
63;Haringkraam Miep Hoeben;Stationsstraat / Smallepad - Bergen aan Zee;7;De kraam van Miep Hoeben is al 100 jaar een begrip in Bergen. Met het haringlied over de luidsprekers en korenwijn en een vrolijk praatje voor iedereen een unieke belevenis.;Ja;Op een stukje opperhuid na goed schoongemaakt. Ruikt fris. Het rijpingsproces is al gevorderd en dat proef je ook. Maar zeker niet onaangenaam.;8;Sterk;Goed;75;2.50;3.33;8.9;14.5;Waarschuwingsfase
64;Vishandel Hameeteman;Hoge Pad 9 - Ouddorp;7;De eerste indruk is dat het allemaal net wat scherper kan. Haring verwerken bij een temperatuur boven de 7 graden is vragen om problemen. Haring loopt zo van de snijplank.;Ja;"De test zorgt voor spanning en trillende handen bij de haringsnijder. De temperatuur is een breekpunt. Het haringvet komt los; nog iets zilt.";8;Gemiddeld;Zeer goed;54;1.80;3.33;12.2;13.2;Zeer goed
65;Vishandel Gebroeders Van Diermen;Verkoopwagen dagmarkt vrijdag Marktstraat - Twello;7;Het muntje valt dit keer nog de goede kant op. Maar voorgesneden haring op een te hoge temperatuur verkopen is vragen om moeilijkheden. Het is wachten tot het misgaat.;Nee;En weer zo'n doorgerijpte haring. Dus bruin verkleurd en vettig in de mond. Klein bittertje van gal of donker bloed. Geen echte afwijkingen.;7.5;Sterk;Goed;69;2.00;2.89;7.4;16.4;Zeer goed
66;Dagkraam;Bentinckplein - Rotterdam;7;Schoolvoorbeeld van een verkooppunt dat weliswaar voldoende scoort maar waar met iets meer kennis van zaken een veel beter resultaat te behalen zou zijn. Jammer.;Ja;Het vuil van de snijplank vind je in grote hoeveelheden op de haring terug. Te warm en te lang in de pekel. Dat komt de smaak niet ten goede.;7.5;Gemiddeld;Matig;57;2.00;3.50;8.6;11.1;Zeer goed
67;Fish Plaza;Gochsedijk 96 - Siebengewald;7;De praktijk: AD komt op dinsdag langs en krijgt haring uit een emmer die al op zaterdag is ontdooid. Dat is te lang want ook in de koeling gaat het fermentatieproces gewoon door.;Ja;Een doorgerijpte en deels verkleurde haring. Vanbuiten mooi zilver. Geen echte afwijkingen maar is dit nu zo'n de fameuze Hollandse nieuwe ?;7;Sterk;Goed;77;1.95;2.53;4.1;15.4;Zeer goed
68;Vishandel Andaluce;Eerste Middellandstraat 21b - Rotterdam;7;Andaluce is een viswinkel met een goede naam. Maar op het gebied van omgaan met haring zijn er zeker nog verbeteringen denkbaar. De leverancier zou daarbij kunnen helpen.;Ja;Rommelig schoongemaakt: graten en ingewanden en vuil van de plank. Emmer in ijs maar warmte komt ook vanboven. Daardoor zacht en belegen.;7;Sterk;Matig;65;1.85;2.84;4.7;13.7;Zeer goed
69;Smit V'dammer Vishandel Tussenmeer;Tussen Meer 67 - Amsterdam;7;Wie niet beter weet vindt dit vermoedelijk een prima haring. Negatieve punten ontbreken. Maar dat is ook het geval met alles wat van een Hollandse nieuwe een delicatesse maakt.;Ja;"Opperhuid. Een enkel graatje en smurrie. Dat kan beter. De buitenzijde is mooi zilver; de binnenzijde bruin verkleurd. Redelijk smakende stevige vis.";7;Gemiddeld;Matig;74;2.10;2.83;5.1;11.1;Zeer goed
70;Visspeciaalzaak 't Visnet;Nieuwstraat 38 - Barneveld;7;Mooie zaak waar Hollandse nieuwe geen speerpunt is maar gewoon een van de vele producten lijkt. Geen afwijkingen maar de smaak van het echte maatje is ver weg.;Ja;Te veel graten en vuil van de snijplank. Aan de zachte structuur is te zien dat de haring lang in de pekel heeft gelegen. Iets doorgerijpt en bitter.;7;Gemiddeld;Matig;55;1.85;3.36;6;13.1;Zeer goed
71;Vishandel Mattie;Verkoopwagen Bouwe Harkemastrjitte - Harkema;7;In Friesland is Mattie koning Eenoog. Is deze Hollandse nieuwe het omrijden waard? Beslist niet. Maar als je het ermee moet doen vind je het misschien nog wel lekker.;Ja;Iets vuil van de snijplank. Een gerijpte doorgefermenteerde haring. Zacht als tandpasta maar geen smaakafwijking. Vraagt om een broodje en ui.;7;Sterk;Goed;61;1.80;2.95;6.8;13.6;Zeer goed
72;Dries van den Berg;Burgemeester De Meesterstraat 11 - Harderwijk;6.5;Bij Dries van den Berg is het altijd druk en alles gaat vlug. Snelheid van werken lijkt weleens ten koste te gaan van de zorgvuldigheid want deze temperatuur kan echt niet.;Nee;"Het mes is bij het uitschrappen erg diep uitgeschoten. Licht verkleurd; gerijpte smaak. Niet meer zilt en romig maar geen echte afwijkingen.";7.5;Gemiddeld;Goed;61;1.75;2.86;10.8;14.7;Zeer goed
73;Vishandel J. de Weert;Brink 90 - Amstelveen;6.5;Op het oog een verkooppunt van dertien in een dozijn. De behandeling van haring moet zorgvuldiger. Haring verkopen op deze temperatuur is vragen om moeilijkheden.;Ja;Op zich goed schoongemaakt maar waarom de binnenzijde niet even afgestreken? Bruin verkleurd. Een meer belegen haring. Niet onsmakelijk.;7.5;Sterk;Goed;75;2.25;3.00;11.6;13.2;Voldoende
74;Vishandel Van den Oever;Laan van Wateringse Veld 1557 - Den Haag;6.5;Een verkooppunt waar de wil er iets goeds van te maken zeker aanwezig lijkt. Verdiep je in theoretische kennis en stuur je personeel op een cursus haringsnijden.;Ja;Erg vette haring die nog net op tijd door het keelgat glijdt. Al niet meer zilt en romig maar ook zonder nare bijsmaken. Balanceert op de rand.;7;Gemiddeld;Goed;61;1.95;3.19;7.5;9.4;Goed
75;Fish & Chips;Markt 39 - Middelburg;6.5;De echte liefhebber van Hollandse nieuwe zal waarschijnlijk niet veel ophebben met een dergelijk adres. Waarschijnlijk loont het de moeite te investeren in kennis en kunde.;Ja;Rafelig gesneden. Aan binnenzijde donkerrood en bruin verkleurd. Al flink doorgerijpt. Prima haring voor op een broodje. Uitje erbij en genieten.;7;Sterk;Matig;71;1.95;2.74;7.8;13.8;Zeer goed
76;Hollander's Nieuwe;Drachtsterweg 7 - Leeuwarden;6.5;Ook hier lijkt het een kwestie van bewustwording en puntjes op de i zetten. Een goed intern protocol kan daarbij een hulpmiddel zijn. Dat geeft iets om op terug te vallen.;Ja;Graten en smurrie. Even attentie! Omdat de temperatuur te hoog is wel een mooie glans. Belegen geur die terugkomt in de smaak. Zacht en vet.;7;Sterk;Matig;76;2.00;2.63;8.9;12.8;Zeer goed
77;Visboetiek Emous;Dirk de Derdelaan 1a - Vlaardingen;6.5;Eigenaar heeft zichzelf opgegeven voor de test maar kan nog werken aan een aantal verbeterpuntjes. De wil om dat te doen is het begin van de weg omhoog.;Ja;Van een doorgerijpte haring valt nooit meer een frisse Hollandse nieuwe te maken. Je blijft toch steken in de categorie vettig en belegen. Jammer.;6.5;Gemiddeld;Matig;56;1.95;3.48;4.3;7.1;Zeer goed
78;Vishandel Neerbos;Voorstad 6 - Tiel;6;Het is een beetje dubbel. De deskundige liefhebber van een Hollandse nieuwe zal zeggen: 'Wat is dit?' De minder ervaren consument vindt het waarschijnlijk wel prima.;Nee;Redelijk veel huid laten zitten maar voor de rest goed schoongemaakt. Bruin en karamel verkleurd. Al iets belegen van smaak. Niet zilt en romig.;7;Gemiddeld;Goed;68;1.95;2.86;8.7;16.9;Waarschuwingsfase
79;Het Vispaleis;Noorderveemarkt 3 - Hoorn;6;Beheersing van de temperatuur moet hier meer aandacht krijgen. Als de zomer straks echt doorbreekt en je werkt op dezelfde manier ligt een bedorven haring op de loer.;Ja;"Van de haring komt een sterk doorgerijpte lucht. Mooi zilver aan de buitenzijde; vanbinnen bruin verkleurd. Sterke rijping komt terug in de smaak.";7;Sterk;Goed;75;2.20;2.93;12.7;11.9;Zeer goed
80;The Haddock Fish & Chips;Nieuwe Oosterstraat 1e - Leeuwarden;6;"In 2015 nog de beste van Friesland; nu toch een tikkeltje teleurstellend. Scherper zijn op wat wordt aangeleverd en nog kritischer op eigen traject. Dan komt het (weer) goed.";Ja;Ingewanden en smurrie. Het rijpingsproces is te ver gevorderd om nog te kunnen spreken van fris en romig. Zacht en verkleurd visvlees. Beetje klef.;6.5;Sterk;Matig;73;2.00;2.73;8;13.6;Zeer goed
81;Dagkraam Alex de Lat;Verkooppunt bij Puccinipassage - Capelle aan den IJssel;6;Dit eenvoudige verkooppunt staat bekend om zijn goede haring. Op een warme dag blijkt de combinatie van een vette haring en de buitentemperatuur toch te hoog gegrepen.;Ja;De haring heeft te lang gelegen bij een te hoge temperatuur. Het visvlees is bruin verkleurd en zacht en papperig geworden. Het frisse is eraf.;6.5;Licht;Zeer goed;60;2.00;3.33;9.1;16;Zeer goed
82;De Visarend;Schoolstraat 73 - Voorschoten;6;Buiten in een haringkar Hollandse nieuwe verkopen staat misschien leuk maar brengt ook risico's voor het product met zich mee. De Visarend ontsnapt de dans nog net.;Ja;Schoonmaken moet beter want graten en rafelig gesneden. Al iets gefermenteerd. Zacht visvlees met een bittere nasmaak. Olie overheerst.;6;Gemiddeld;Matig;62;2.00;3.22;3.9;12.4;Zeer goed
83;Cash & Carry visbedrijf Toet;Gildeweg 6 - Vlissingen;5.5;Het probleem met veel bedrijven in de middenmoot is dat er onvoldoende zorgvuldig wordt gewerkt. En dat is dan weer onmiddellijk te merken in de kwaliteit van de haring.;Ja;Het is s morgens vroeg en de emmer van de vorige dag staat nog open. Doorgerijpt en zacht. Eerste kenmerken van rans dienen zich al aan.;6.5;Sterk;Matig;56;2.00;3.57;8.9;14.2;Zeer goed
84;Visspecialiteiten 't Vers Waard;Raadhuisstraat 20 - Heerhugowaard;5.5;Een verkooppunt waar je niet onmiddellijk de indruk krijgt dat de Hollandse nieuwe een speciale behandeling krijgt. En zonder die extra aandacht zit je al snel in de middenmoot.;Nee;"Een paar graatjes maar niets dramatisch. Belegen geur. Haring zoals je die veel ziet: doorgerijpt; zacht visvlees; olieachtig en met een bittertje.";6;Sterk;Goed;72;2.10;2.91;8.2;14.1;Voldoende
85;Kapitein Jack;Thorbeckelaan/Colijnplein - Den Haag;5.5;Als een veldheer staat de eigenaar in zijn zaak commando's naar het personeel te blaffen. Het is eerder stuitend dan vermakelijk. En voor die haring hoef je ook niet in de rij te staan.;Ja;Klanten geven hoog op van Kapitein Jack. Maar waarom? Mooie en vette haring kleurt al bruin. Aan de hartige kant. Zacht visvlees met een bittertje.;6;Gemiddeld;Zeer goed;55;1.90;3.45;8.5;9.3;Zeer goed
86;Visspecialist Cees Bijlsma;Merk 23 - Workum;5.5;Tip: probeer te vermijden dat je ergens de eerste klant van de dag bent. De kans dat je wordt opgezadeld met de restjes van de vorige dag is levensgroot aanwezig.;Ja;"Te veel huid en graten. Emmertje van een dag eerder dus sterk doorgerijpt. Buitenzijde glanzend en zilver; vanbinnen bruin. Niet frisse vette hap.";5.5;Sterk;Matig;79;2.00;2.53;4.5;15;Zeer goed
87;Haring Naatje;Purmerplein - Amsterdam;5.5;Elk jaar valt op hoe onbeschaamd hoog de prijzen in Amsterdam zijn. Onbegrijpelijk dat mensen bereid zijn om hier 2.50 euro voor neer te leggen. Dit voelt als oplichting.;Nee;"Haring ruikt een beetje vissig; niet fris. Moddervet beestje dat zijn beste tijd al heeft gehad. Karamel en bruin verkleurd. Korrelige vette hap.";5.5;Sterk;Goed;73;2.50;3.42;4.7;16.1;Zeer goed
88;Zeevishandel De Graafschap;Prins Bernhardweg: parkeerterrein AH - Lochem;5.5;Hier zijn we snel uitgesproken. Het meest opvallend zijn de resten glas die na het springen van een ruit nog in de sponning van de vitrine zitten. Gewoon boven de verse vis!;Ja;Haring met niet-weggesneden bloeduitstortingen. Al ver doorgerijpt met de bekende gefermenteerde smaak als gevolg. Zacht en olieachtig.;5.5;Sterk;Goed;61;2.35;3.68;6.3;9.6;Zeer goed
89;Lindsey's Visspeciaalzaak;Veldpoortstraat 12 - Wijk bij Duurstede;5;Net vier weken open en dan al op voor de ultieme proef. Beschouw het als een leermoment - vooral op het gebied van hygiene. Pak de uitdaging op en doe er je voordeel mee.;Ja;"De dertiende in een dozijn met een te lang verblijf in de emmer. Zacht visvlees; onvoldoende koud en daardoor de oliesmaak die je niet wilt.";6;Sterk;Matig;58;2.20;3.79;7.1;15.5;Waarschuwingsfase
90;Visscher's Zeevishandel;Weekmarkt vrijdag Melkmarkt - Zwolle;5;De haring ligt nog voorgesneden klaar van de vorige dag. Daarmee geeft Visscher duidelijk aan hoe hij over kwaliteit denkt. Laten we maar zeggen dat die geen prioriteit heeft.;Nee;"Op wat smurrie na goed schoongemaakt. Doorgerijpte haring. Sterk belegen smaak. Veel olie in de mond; plakt tegen gehemelte. Niet prettig.";6;Sterk;Goed;73;2.00;2.73;7.9;15.4;Zeer goed
91;Valk Versmarkt;Veurseweg 214 - Voorschoten;5;Hollandse nieuwe gaat ten onder in de massaliteit van deze (schitterende) versmarkt met grote visafdeling. De haring krijgt niet de aandacht die hij nodig heeft. Dat merk je direct.;Nee;Ooit een goede haring maar heeft te lang geleden en nu duidelijk op z'n retour. Bruin verkleurd met de eerste tekenen van oxidatie. Stevige oliesmaak.;6;Gemiddeld;Zeer goed;68;1.75;2.57;10.6;16.7;Zeer goed
92;dagkraam Monique Vermeer;Groene Hilledijk / Heilantstraat - Rotterdam;5;'Kerstbomenverkopers' worden ze wel eens genoemd: de kraampjes die je in de haringtijd in Rotterdam ziet opduiken. Vaak geroemd maar meestal ten onrechte. Zo ook hier.;Ja;Erg veel visvlees weggeschrapt. Haring karamel en bruin verkleurd. Vreemde afwijkende smaak doet denken aan nat karton. Geen hoogvlieger.;5;Gemiddeld;Goed;58;2.00;3.44;6.3;11;Zeer goed
93;Vishandel Koelewijn;P.A. de Kokplein 121 - Dordrecht;4.5;Er zijn van die bedrijven die je om de een of andere reden een hoog cijfer gunt. Dat is bij Koelewijn het geval. Maar dit keer laat hij toch iets te veel steken vallen.;Ja;Deze lastige haring kun je beter vooruit schoonmaken en terugkoelen dan lang in (warme) pekel laten staan. Nu zacht en gefermenteerd. Olie.;6;Sterk;Goed;51;1.95;3.82;10.3;12;Waarschuwingsfase
94;Urker Visspecialist de Snoekies;Sint Adriaanstraat 17 - Goes;4.5;Verkooppunt is pas een jaar open maar maakt nu al een treurige en ietwat verlopen indruk. En met een dergelijke Hollandse nieuwe bouw je ook geen goede naam op.;Ja;Het bekende probleem. Te lang in de emmer bij een te hoge temperatuur en te ver doorgerijpt. Op alle punten niet goed. Olie en vet. Nare nasmaak.;5.5;Sterk;Matig;70;2.00;2.85;11.6;13.4;Zeer goed
95;Vishandel Ben van Doesburg;Franciscusdreef 47 - Utrecht;4.5;Zaak van het betere gooi- en smijtwerk. Vieze kleding. Handen vol ringen en smoezelige doekjes. Verkooppunt dat je het liefst vergeet. Geen winkel om naar terug te keren.;Ja;Huid en graten en vuil van de snijplank. Haring ruikt naar gebakken vis. Bruin verkleurd en doorgerijpt. Zacht en papperig visvlees. Smaakt ook rans.;5;Sterk;Matig;65;1.95;3.00;7.2;16.5;Zeer goed
96;Bal Vismeesters;Maximastraat 12 - Nijverdal;4.5;Nieuwe viswinkel verziekt een van oorsprong goede haring. Te lang bij een te hoge temperatuur in de emmer en je krijgt dit effect. Inhoudelijke bijscholing lijkt een goed idee.;Ja;Uit de hand schoongemaakt waardoor de temperatuur snel oploopt. Karamel van kleur. Vettig en zacht. Ook tikkeltje bitter. Geen genoegen.;5;Sterk;Matig;76;2.00;2.63;7.4;14.1;Zeer goed
97;De Visscherie;Galerij 1 - Uden;4.5;Verkooppunt met mooie uitstraling laat het er een beetje bij zitten. Onvermogen? Bedrijfsblindheid? of desinteresse? Hier is met weinig moeite veel meer van te maken.;Nee;De haring ligt al te wachten en dan zijn de eerste verliespunten al binnen. Oogt niet fris. Karamelkleurig met bruine vlekken. Begin van rans. Niet fijn.;5;Gemiddeld;Goed;60;2.75;4.58;7.9;12.8;Zeer goed
98;Visgilde Rijsemus;Kamperfoelielaan 55-57 - Ede;4.5;Een ooit gerenommeerde viswinkel laat de boel een beetje de boel. Zoals ze zeggen: een goede reputatie komt te voet en gaat te paard. Oftewel: werk aan de winkel.;Ja;Ook hier is het frisse wel weg. Alle positieve elementen zijn verdwenen. De haring kleurt reebruin. Een hap levert een mond vol bittere olie op. Bah!;5;Gemiddeld;Goed;64;2.25;3.51;8.6;12.2;Zeer goed
99;Arie Haring;Langsom 5 - Amsterdam;4.5;Een tikkeltje slonzig verkooppunt dat een goede schoonmaakbeurt best zou kunnen gebruiken. En die Hollandse nieuwe is er een voor de nieuwe rubriek Doorrijden svp!'.;Ja;Te veel graten en smurrie en ingewanden. Karamel en bruin verkleurd. Erg zacht visvlees. Categorie tandpasta. Plakt tegen gehemelte. Naar ding.;5;Sterk;Matig;79;2.50;3.16;9.5;12.9;Voldoende
100;Vis & traiteur Jeroen Vijverberg;Rembrandstraat 1b - Naaldwijk;4.5;Even een vieze vette bek halen bij Vijverberg' heet het hier helaas in Naaldwijk. Dit kun je toch niet aan je klanten meegeven? En er nog geld voor vragen ook!;Nee;Wel goed schoongemaakt maar voor de rest is het treurnis en droefenis. Bruin verkleurd. Donkerrood (dus bitter) bloed. Volle oliesmaak in de mond.;4.5;Sterk;Zeer goed;57;2.25;3.94;4.7;8.6;Zeer goed
101;Visspecialist R. Bijl;Broersveld 113b - Schiedam;4.5;Het komt steeds op hetzelfde neer: wie dit verkoopt als een Hollandse nieuwe zet zichzelf voor joker. Wonder boven wonder accepteren klanten het ook nog. Niet doen!;Ja;"Haring waaruit alle aangename eigenschappen zijn verdwenen. Ruikt al iets rans en dat is ook te proeven. Erg belegen en vet; mond vol olie.";4.5;Sterk;Goed;49;1.90;3.87;6.6;14;Goed
102;Vispaleis 't Spil;t Spil 33a - Monnickendam;4;Een verkooppunt dat een schande is voor de branche. Veel ziet er vies uit en er wordt niet hygienisch gewerkt. Alsof de tijd hier decennialang heeft stilgestaan. Weg hier.;Nee;Ruikt als nat karton. Man pakt de haring met de handen en veegt die af aan smoezelige kleding. Werkt buiten zonder koeling. Haring bruin en vet.;6;Sterk;Goed;72;2.25;3.12;10.7;8.7;Waarschuwingsfase
103;Poisson & Cuisine De Molen;Meester Snijderweg 55 - Stellendam;4;In de winkel hangt een penetrante en overheersende lucht van schoonmaakmiddel. Maar voor een haring hoef je hier niet aan te leggen. Verspilling van tijd en geld.;Nee;Ruikt net zo belegen als hij smaakt. Donkerrood. Bruin en geel. Plakt en heeft een muffe smaak. Grens van afkeurenswaardig overschreden.;5;Sterk;Goed;79;1.85;2.34;9.1;6.2;Waarschuwingsfase
104;Vishandel M.&F.van de Groep;Weekmarkt zaterdag Tjalmastraat - Doetinchem;4;Om 08.30 uur het eerste adres van de dag. Een uitstekend harinkje om het ontbijt weer omhoog te laten komen. Niet aan denken dat je deze haring een paar uur later koopt.;Nee;Haring lijkt bewerkt met een bijl. Happen vlees missen maar heeft wel huid en te lange graat. Bruin verkleurd. Vet en olieachtig met bittere nasmaak.;5.5;Sterk;Matig;50;1.90;3.80;12.8;15;Zeer goed
105;Marqt;Ceintuurbaan 402 - Amsterdam;4;Vermoedelijk is de omloopsnelheid van Hollandse nieuwe hier niet erg hoog. De verkoper mist ervaring met en kennis over dit product. Maar dat weten de meeste klanten niet.;Ja;Verkoper doet er eindeloos over om vier haringen te snijden en laat huid en graten en soep zitten. Bruin verkleurd. Klef vet en olieachtig. Onaangenaam.;5;Gemiddeld;Matig;76;1.99;2.61;10.4;9.2;Zeer goed
106;Spakenburgse Vishandel;De Eglantier 342 - Apeldoorn;4;Volgens andere klanten is het zeker de moeite waard om hier een halfuur te wachten. Ze weten klaarblijkelijk niet beter. Wat haring? Ze worden afgescheept met pure rommel.;Nee;Het enige positieve is het schoonmaken. Ruikt naar nat karton. Bruin verkleurd. Niet fris. Doorgerijpte zachte papperige massa. Ook nog eens bitter.;4.5;Sterk;Goed;62;2.10;3.38;7.9;7.5;Zeer goed
107;Vishandel 't Hoogertje;Kuipersstraat 45 - Vlaardingen;4;17.50 uur: iedereen is aan het opruimen en wil naar huis. Dan krijgt de klant de laatste exemplaren. En die liggen al een tijdje. En zo gooi je je naam te grabbel. Zonde.;Nee;Zacht visvlees. De haring is al bruin verkleurd. Ook zijn er gele accenten te zien en dat proef je. Licht rans. En weer die vette oliesmaak.;4.5;Gemiddeld;Goed;59;2.00;3.38;8.1;10.2;Goed
108;Visplaza Roel Hopman;Van Weedestraat 149 - Soest;4;Ondernemers zijn te bang om eventueel overgebleven haringen van zaterdag op dinsdag weg te gooien. Dan krijg je deze door en door gefermenteerde producten. Niet doen.;Ja;Eenmaal over de grens is er geen weg terug meer. Te ver doorgerijpt en dat leidt tot een zachte hap met een sterk overheersende oliesmaak. Bah!;4;Gemiddeld;Goed;55;2.30;4.18;3.2;11.7;Zeer goed
109;Visspeciaalzaak Aan de Kant;Molendijk 20 - Oud Beijerland;4;Klant met hoge nood vraagt of hij van het toilet gebruik mag maken. Dat mag niet. Die vriendelijke' attitude vind je terug in de wijze waarop met de haring wordt omgesprongen.;Nee;Vuil van de plank. Ruikt vissig en tranig en belegen. Heeft te lang gelegen. Zuivere smaak is verdwenen. Vettig en rans. Gen plezier aan te beleven.;4;Sterk;Matig;57;1.90;3.33;5.2;8.8;Voldoende
110;Zeevishandel Brassem;t Groentje 4 - Domburg;3;Zo'n visdetaillist zal echt niet uit bed stappen met de gedachte: Vandaag ga ik mijn klanten eens flink vernachelen.' Dan weet hij nog wel waar hij mee bezig is. Nu niet.;Ja;Hollandse nieuwe laat zich in drie woorden recenseren: een vies ding. Plakt aan gehemelte. Korrelige structuur. Bitter en veel olie. Nare te vette hap.;4.5;Sterk;Goed;67;2.25;3.35;10.8;10.9;Waarschuwingsfase
111;Vishandel De Vakman;Kronenburgpassage 68 - Arnhem;3;Vergeleken met de 1 van drie jaar geleden maakt De Vakman (what's in a name?) een grote stap voorwaarts. Maar eigenlijk is het resultaat hetzelfde: ook deze haring wil je niet eten.;Nee;Opperhuid en veel te veel graten. Haring ruikt niet fris: putlucht. Bruine vlekken en karamel verkleurd. Smaakt rans en bitter. Categorie verschrikking.;3;Sterk;Matig;62;2.25;3.62;4.3;10.5;Goed
112;Plus;Botter 4431 - Lelystad;3;Plus scoorde enige publiciteit door bij de veiling van het eerste vaatje de laatste bieder te zijn. Maar als je vervolgens deze rotzooi verkoopt heb je niets met haring.;Nee;Het lijkwitte visvlees oogt onaantrekkelijk en ruikt bedorven. Ontbinding heeft ingezet. Korrelige structuur. Bitter. Vissig en wee. Oneetbaar.;3;Sterk;Zeer goed;61;2 / 1.49;1.22;5.1;16.8;Zeer goed
113;Konink Vis;Talingweg 171 - Apeldoorn;3;Geen bakker zou het in zijn hoofd halen om beschimmeld brood te verkopen en daar de hoofdprijs voor te vragen. Maar in de haringbranche gelden al jaren andere regels.;Ja;Graten en vuil van de plank. Binnenzijde sterk bruin verkleurd. Haring heeft te lang in de emmer gelegen. Visvlees is pap. Ook nog eens erg rans.;3;Sterk;Matig;59;2.25;3.81;6.1;14.1;Zeer goed
114;Vishandel gebroeders Van Zuilen & Zn;Winthontlaan 10 - Utrecht;2.5;Als klant voel je je terecht genomen. Normaal geldt de regel dat je pas weet hoe een haring smaakt als je hem proeft. Hier weet je op voorhand dat het verschrikkelijk zal zijn.;Nee;Mogen we overslaan? De haring ligt te glimmen in de vitrine en wordt met de handen beetgepakt. Geel en cyclaam verkleurd. Rans. Vet. Wee. Muf.;4.5;Sterk;Goed;60;2.25;3.75;13.6;13.6;Waarschuwingsfase
115;Lidl;Vlierdenseweg 4 - Deurne;2;Lidl heeft een naam hoog te houden als het om verse producten gaat. Ook hier de vraag waarom zij zichzelf deze ellende aandoen. Schadelijk! Tijd voor een gesprek met producent.;Nee;Huid en graten. Kleur van visvlees varieert van bruin en geel en cyclaam tot roze. Ooit een goede haring maar nu zachte vieze drab. Goed voor de afvalbak.;3;Sterk;Matig;67;3 / 2.39;1.18;4.1;14.4;Slecht
116;Visspecialist Pieter Smit;Westermarkt 112 - Tilburg;2;Een bekend filosoof zou zeggen: 'Je ziet het pas als je het ziet.' Want hoe kan het dat je in een viswinkel werkt en niet in de gaten hebt wat er met je Hollandse nieuwe gebeurt?;Nee;"De haring ligt al klaar; vier lagen dik. Dat vraagt om broei met alle ellende van dien. Bruin verkleurd. Sterke oliesmaak. Erg belegen. Zonde van t geld.";3.5;Sterk;Goed;76;2.20;2.89;10.4;9.6;Waarschuwingsfase
117;Visspeciaalzaak De Haan;Hoofdstraat 187 - Voorthuizen;2;Papa-mamazaakje zoals je dat nog regelmatig tegenkomt en waarbij je je afvraagt hoe het overeind blijft. In elk geval niet door deze kwaliteit te leveren. Zo jaag je je klanten weg.;Nee;"Op het pakpapier ligt een bruine vette en glibberige drab. Even diep ademhalen en toch maar proeven. Rans; boterzacht en bitter. Getver!";3;Sterk;Goed;59;2.10;3.55;8.9;13.1;Waarschuwingsfase
118;Simonse Visspecialiteiten;Walstraat 2a - Oss;2;De eigenaar wringt zich in allerlei bochten om de gang van zaken te verklaren. Wellicht was het een ongelukkige samenloop van omstandigheden maar als klant koop je wel rotte haring.;Nee;De koelvitrine staat buiten in de zon. Temperatuur te hoog en dat versnelt de fermentatie. Met handen beetgepakt. Bruin en cyclaam. Smaakt rans.;3.5;Sterk;Goed;69;2.50;3.62;11.4;13.4;Goed
119;SeaZo Visspecialiteiten;Molenbrink 50 - Monster;2;Dit doe je je klanten niet aan. Het woord 'kielhalen' springt in onze gedachten. Maar wat of wie? De vis om schoon te spoelen? Of brengen we onszelf in ademnood met deze haring?;Nee;SeaZo noemt zichzelf specialist'. In haring verzieken? Bruin verkleurde rans ruikende papperige stukjes visvlees nodigen niet uit tot proeven. Vies!;3.5;Sterk;Zeer goed;61;1.75;2.86;14.2;14.1;Voldoende
120;Albert Heijn;Cardo 12 - Houten;2;Op het etiket het Europese logo voor 'Gegarandeerd Traditionele Specialiteit'. Klantenbedrog want dit maatje voldoet op geen enkele wijze aan de geldende productspecificaties.;Nee;"Ontluchten helpt niet; de haring blijft zuur en bedorven ruiken. Ontbindingsproces vergevorderd. Geel en bruin en zwart verkleurd. Rans en bitter.";2;Sterk;Goed;67;2 / 2.50;1.86;6.7;12.6;Voldoende
121;Spakenburgse Vishandel Vathorst;Cruquius 98 - Amersfoort;2;Ze bestaan dus nog: Spakenburgse cowboys. Zaak en personeel ademen een sfeer van onverschilligheid en gebrekkige bedrijfsvoering. Jammer want een goede viswinkel op dit punt.;Nee;"Hoofdgraat veel te lang; ook veel overige graten. Ruikt erg gerijpt. Rans en olie. Rotzooi. Vieze kleding. Geld wordt met handschoenen aangepakt.";3;Gemiddeld;Matig;53;2.20;4.15;10.3;11;Goed
122;Vishandel Gerina Ter Beek;Verkoopwagen parkeerterrein winkelcentrum Keizerslanden - Deventer;2;Het lijkt zowaar de haringduivel in de vermomming van een aardig meisje in klederdracht. Ze laat de klanten onvervalst geld betalen voor de vriendelijk gepresenteerde kadavertjes.;Ja;"Haringkar waar ongekoeld wordt gewerkt. Temperatuur veel te hoog. Belegen; bitter; muf en wee. Verschrikkelijk zacht. Dit is de categorie haringsnot.";3;Sterk;Goed;66;2.25;3.40;13.1;15.3;Zeer goed
123;Vistaria 't Vrolijke Maatje;Verkoopwagen De Wending - Delfzijl;2;'Lekker he?' vraagt de verkoopster als zij een proefstukje overhandigt. Spontane braakneigingen. Hoe kan dit worden verkocht? 't Vrolijke Maatje is meer het 't Ranzigste Maatje.;Nee;Het heet Hollandse nieuwe te zijn maar lijkt het meest op een hoopje bruine bagger. Een hap ranzige olie. Waar staat het teiltje?;3;Sterk;Goed;64;1.75;2.73;13.7;9.8;Goed
124;Visspeciaalzaak Baarssen;Groenestraat 357 - Nijmegen;1.5;Tussen prijs en kwaliteit bestaat geen enkele relatie. Baarssen scoorde al eerder erg laag en bevestigt nu dat niet met haring kan worden omgaan. Categorie 'nitwit'.;Nee;Treurig wat je hier krijgt. De gele glans voorspelt al weinig goeds. Bruin en grauw verkleurd. Zeer sterk gerijpt. Smaakt verschrikkelijk.;2;Sterk;Zeer goed;68;2.50;3.67;9;8.6;Zeer goed
125;Albert Heijn;Burgemeester Cortenstraat 8 - Maastricht;1.5;Het filiaal wordt om 19.00 uur beleverd en AD verwacht daarom om 19.55 uur een frisse haring. Dat pakt anders uit. AH lijkt de productie/logistiek maar niet onder de knie te krijgen.;Nee;Rafelige rand. Ruikt zuur. Filets kleven aan elkaar. Plakkers. Lijkenkleur. Zeer vet en olieachtig. Blijft plakken aan gehemelte. Ook erg rans. Brrr.;2;Sterk;Goed;62;2 /1.99;1.60;9.1;12.7;Zeer goed
126;Vishandel Cor Bosman;Donderdagmarkt - Middelburg;1;Nederland blijft een raar land. Je wordt gepakt als je 5 kilometer te hard rijdt maar vishandelaren mogen ongestraft dergelijke tinnef verkopen. Haal dit van de markt!;Nee;Een wee en zure lucht stijgt op als de filets uit elkaar gaan. De binnenzijde ziet bruin en cyclaam. Kleverig en zacht. Een echte baggerharing. Jakkes!;2;Sterk;Goed;61;1.75;2.86;7.5;8.4;Waarschuwingsfase
127;Visspeciaalzaak Vistrend;Moerwijk 28 - Breda;1;De branche klaagt dat de consumptie van haring achterblijft. Met dergelijke detaillisten is dat geen wonder. Een zo'n haring en je bent voor een heel seizoen genezen.;Nee;"Een bak ellende. Ruikt vissig en rans. Karamel verkleurd met bruine vlekken. Vanbinnen donkerrood. Smaakt rans; bitter; metalig en klef. Pudding!";2;Sterk;Matig;60;1.95;3.25;10.2;11.8;Zeer goed
128;Kraam van Kralingen;Watertorenweg - Rotterdam;1;De uitbaatster is blij dat het AD langskomt en geeft daarmee helaas al aan geen benul te hebben van waar zij mee bezig is. Een groot foutenfestival. Braakharing.;Nee;"Ingewanden; graten en smurrie. De haring ruikt rans en zuur. Vanbinnen bruin en geel en creme verkleurd. Ook nog eens bitter. Smaakt afgrijselijk.";2;Sterk;Matig;62;2.00;3.22;12.6;9.3;Zeer goed
129;Aldi;Kronenburgpassage 124 - Arnhem;1;Hier-ga-je-van-kotsen-haring. Het is al eerder gezegd: het blijft onbegrijpelijk dat ervoor wordt gekozen om deze kwaliteit in het schap te leggen. Dan diskwalificeer je jezelf.;Nee;"In een poging een goede haring te vinden wordt de Aldi kort na belevering bezocht. Tevergeefs. Hij stinkt; is bruin; oogt flets en heeft en gele glans.";1.5;Sterk;Goed;71;2 / 1.59;1.11;7.4;9.8;Zeer goed
130;Visspecialist Marc van Mierlo;Schootsestraat 172 - Eindhoven;1;Hij noemt zichzelf visspecialist maar Marco doet er slim aan snel een ander vak te kiezen. Want wie zijn Hollandse nieuwe zo mishandelt geeft zichzelf een brevet van onvermogen.;Nee;"Graten en ingewanden. De geur is niet fris; het stinkt. Bruin en geel verkleurd. De haring is minimaal een dag eerder gesneden. Uitspugen die troep.";1;Sterk;Matig;56;2.00;3.57;3.4;6.9;Goed
131;EMTE;Hofvijver 2 - s-Hertogenbosch;1;Je zou de inkopers van moederbedrijf Sligro moeten verplichten dagelijks twee van dergelijke kotsharingen naar binnen te werken. Wedden dat de kwaliteit dan snel verbetert?;Nee;"De haring ruikt zuur en rans. De buitenzijde karamel en bruin verkleurd; vanbinnen geel en cyclaam. Klevers die slijmdraden trekken. Verschrikkelijk.";1;Sterk;Goed;62;2 / 2.00;1.61;4.8;11.5;Goed
132;Vishandel Bettina Krol;Hinthamereinde 73 - s-Hertogenbosch;0.5;Welkom bij deze voorstelling van Bettina's gruwelkabinet. Vandaag een scene uit het stuk 'Haringverschrikkingen'. Over hoe het noodlot een haring bij Bettina brengt.;Nee;"Ingewanden. Smurrie. Graten. Haring donker verkleurd. Veel te warm; met handen beetgepakt. Vieze oliesmaak en rans. Ronduit smerig!";2;Sterk;Slecht;54;1.50;2.74;13;13.4;Voldoende
133;Vishandel Neptunusplein;Neptunusplein 27 - Amersfoort;0.5;De echte verklaring waarom de Britten voor een Brexit stemden: zij willen ten koste van alles voorkomen dat dergelijke haring onder de vrije invoer van goederen valt.;Nee;Haring is zo goed als bedorven. Vanbinnen bruin en geel en zwart. Rans van smaak. Proeven komt neer op zelfverminking en puur masochisme.;1;Sterk;Slecht;67;1.95;2.91;8.8;12.8;Zeer goed
134;Zeevishandel W. van Oosten;Buitenwatersloot 43 - Delft;0;Na een sluiting van enkele jaren is vishandel Van Oosten nieuw leven ingeblazen. Met de haring valt nog wel vooruitgang te boeken maar pak eerst die ernstige nabesmetting aan.;Ja;Aan het begin van een loopbaan kan haring schoonmaken best lastig zijn. Al flink gerijpt. Wel zuiver maar eindigt niet meer zo hoog als vorig jaar.;7;Gemiddeld;Matig;66;1.95;2.95;9.8;18.1;Afkeurenswaardig
135;Marcel Korlaar/Zuyderzee;Vrijdagdagmarkt Binnenhof - Barendrecht;0;Hier zou de NVWA eens moeten doorpakken. Twee maanden achter elkaar controleren en beboeten. Wellicht komt er dan een einde aan dit soort middeleeuwse toestanden.;Nee;"Buiten is het 27 graden en mijnheer staat in zijn kraampje haring te verkopen zonder enige koeling. Klef; olieachtig en muf. Je kunt wachten op bederf.";5;Sterk;Matig;69;2.25;3.26;15.8;15;Afkeurenswaardig
136;De Zilte Zee vis en delicatessen;Kampweg 24 - Doorn;0;Ik geloof u niet. Dit is lachwekkend' zegt de eigenaar van dit peperdure verkooppunt als hij wordt gewaarschuwd voor de kwaliteit. Okay dan niet. Droom maar rustig verder.;Ja;"Te hoge temperatuur omdat mijn klanten van een warmere haring houden'. Sterk bruin verkleurd; rans; muf; klef. Vieze vetsmaak. Braakneigingen.";1;Sterk;Matig;60;3.00;5.00;10.3;8.4;Zeer goed
137;t Visboertje;Kraam Bergse Dorpsstraat /Argonautenweg - Rotterdam;0;"Hoogst onverantwoord hoe 't Visboertje werkt. Geen koeling; een vieze kledderzooi. Deze haring voer je nog niet aan de zeeleeuwen in Blijdorp. Sluiten die tent. En wel onmiddellijk.";Nee;"Graten. Vuil van de plank en ingewanden. Ruikt wee en naar zoet bederf. Donkerrood tot zwart gekleurd bloed. Doorgerijpt; muf; vet; klef en rans.";1;Sterk;Matig;52;2.50;4.80;10.8;7.6;Zeer goed
138;Backus aan de Grens Visspecialiteiten;Herungerberg 417 - Venlo;0;AD haalt verhaal en krijgt te maken met een weinig inschikkelijke uitbater. Met zijn product is niets mis vindt hij. Hap en weg is de haring. Hier helpen geen argumenten.;Nee;Huid en graten en ingewanden. Stinkt. Ziet geel en grijs. Segmenten verworden tot haringpap. Schande dat dit voor consumptie wordt aangeboden.;0;Sterk;Slecht;63;2.30;3.38;9.9;13.6;Zeer goed
139;Boni;Noordbargerstraat 5 - Emmen;0;De enige conclusie na zoveel jaren testen is dat het management alleen naar de opbrengst en niet naar de kwaliteit kijkt. Oftewel: niets nieuws onder de zon. Schandalig!;Nee;"Haring of regenboogforel? Het beestje heeft alle kleuren: geel en bruin; cyclaam; karamel en wit. Doods; rans; grauw en flets. En - detail - is niet te eten.";0;Bedorven;Goed;69;2 / 2.49;1.80;2.5;9;Zeer goed
140;Jumbo;Miereakker 18 - Reeuwijk;0;En wat staat er op het etiket? 'Gegarandeerd lekkere haring.' Kwaliteitsbeheersing van schip tot schap.' Wat een onzin. 't Draait alleen maar om de centen en de rest is flauwekul;Nee;Het aroma komt je tegemoet wanneer je de verpakking opendoet. Putlucht wel te verstaan. Klevers en slijmdraden. Absoluut oneetbaar.;0;Bedorven;Goed;59;2 / 2.28;1.93;2.6;11.1;Zeer goed
141;Jumbo;Meint Veningastraat 26 - Hoogezand;0;Hallo Jumbo! Is dit een truc om de verkoop van toiletpapier naar ongekende hoogte op te stuwen? Een andere verklaring waarom dit in het schap ligt kan even niet worden bedacht.;Nee;"Staat er een riool open? Oh nee; dat is de haring! In een bakje liggen twee haringlijken. Segmenten weggeteerd. Bitter en rans. Prikkelt op tong.";0;Bedorven;Goed;63;3 / 2.39;1.17;8.5;11.7;Zeer goed
142;Vispaleis Westerhuis;Mello Coendersbuurt 1a - Termuntenzijl;0;Een reis naar het hoge Noorden voor deze smerigheid. De beoordeling doet de eindredacteur onwillekeurig denken aan de zombies van The Walking Dead.;Nee;De haring is goed schoongemaakt en dat is het enige positieve. Zoete weege putlucht. Binnenzijde cyclaam en zwartbruin en geel. Beslist oneetbaar.;0;Bedorven;Goed;77;1.75;2.27;11.1;16.9;Zeer goed
143;De Viswinkel;Noordvliet Noordzijde 3 - Maassluis;0;Ook goedemiddag. Oude viswinkel is in nieuwe handen overgegaan. Het was nooit best maar of dit beter is? Nee dus. Spijtig voor een oude haringhaven als Maassluis.;Nee;"Totale onkunde in optima forma. Met handen beetgepakt; temperatuur veel te hoog. Stinkbommen. Geel en cyclaam. Klevers. Meeuwenvoer!";0;Bedorven;Zeer goed;69;1.75;2.53;13.9;10.1;Voldoende
144;Vishandel Jos;Grote Brink 2b - Borger;0;'Ik bid nie veur bruune boon'n' is de bekende uitspraak van Drenthes Bartje. Vervang bruine bonen door de haring van Jos en hij heeft groot gelijk. Dit is voer van de duvel.;Nee;Clupea harengus van het type canarius. Oftewel de kanarieharing. Het beestje ziet geel van ellende.'Gewoon viezigheid' zegt de keurmeester.;0;Bedorven;Zeer goed;63;2.20;3.49;5.5;11.4;Waarschuwingsfase
