original_id_2017;name;address;eindcijfer;conclusie;vers_van_het_mes;beroodeling;cijfer;rijping;schoonmaak;gewicht;prijs_per_stuck;prijs_per_100g;temperatuur;vet_percentage;micro
1;Vishandel Ruud den Haan;Oudedijk 145 - Rotterdam;10;Op hun eigen rustige manier werken de gebroeders Den Haan aan hun zaak. En hun uitstekende haring is daarbij een geweldige reclame. Probeer het maar eens.;Ja;Een goede haring is geen toeval maar een kwestie van vakmanschap. Dat wordt hier in de praktijk gebracht. Mals, zilt en romig. Beslist top!;10;Gemiddeld;Zeer goed;77;2.25;2.92;3.3;12.0;Zeer goed
2;Visgilde De Zeeland;Markiezaatsweg 11 b - Bergen op Zoom;9.9;Met schitterende, pas geopende winkel in voormalige suikerfabriek geeft de familie Schot fantastisch visitekaartje af. Kwaliteit op het hoogste niveau.;Ja;De vakkundige handen van Martha Schot toveren weer een plaatje tevoorschijn. Een lust voor oog en smaakpapillen. Echt geweldig.;9.9;Gemiddeld;Zeer goed;75;2.10;2.80;2.7;13.7;Zeer goed
3;Vishandel Simonis;Visafslagweg 20 - Den Haag;9.8;Dennis en zoon Jordi zetten beste hun beentje weer voor. Kwaliteit is geen toeval, maar hard werken en bewijs van vakmanschap. Na winst in 2015 en 2016 wederom een topprestatie.;Ja;Hoge bomen vangen veel wind en elk jaar komen er mails dat de haring bij Simonis tegenvalt. Onzin. Absolute topkwaliteit. Beslist proeven.;9.8;Gemiddeld;Zeer goed;76;1.85;2.43;2.5;12.3;Zeer goed
4;De Graaf’s Visspecialiteiten;Westwal 6 - Leerdam;9.7;Wouter en Monica de Graaf hebben zich de laatste jaren vastgebeten in de Hollandse Nieuwe. Dat kost inspanning, maar hun vakmanschap levert ze deze toppositie op.;Ja;Weer een toppertje. Terecht dat steeds meer klanten de weg naar deze winkel weten te vinden. Mals, zilt en romig. Scoort op alle punten.;9.7;Licht;Zeer goed;73;2.35;3.21;4.6;10.3;Zeer goed
5;Visspecialist Corné Struik;Verkoopwagen parkeerterrein De Markte - Krimpen a/d Lek;9.6;Mensen in de Krimpenerwaard mogen blij zijn met Corné Struik. Met zijn 26 jaar de trotse eigenaar van een nieuwe, hypermoderne verkoopwagen. Wat een ondernemer. En wat een haring.;Ja;Je weet het binnen een fractie van een seconde: absolute top. Heeft alles wat een Hollandse Nieuwe moet hebben. Maak er nog maar één schoon.;9.6;Gemiddeld;Zeer goed;66;2.25;3.40;-1.2;13.7;Zeer goed
6;Schmidt Zeevis;Matlingeweg 333 - Rotterdam;9.5;Nederlands bekendste viswinkel blijft een fenomeen. Zoek een parkeerplaats naast de Maserati’s, Porsches, BMW’s en talloze SUV’s. Schmidt is een geweldige beleving, in vele opzichten.;Ja;Schmidt zet weer zijn beste beentje voor. Veel zilver, mooie glans en blank vlees. Heerlijk frisse haring met een volle romige smaak. Een topper.;9.5;Gemiddeld;Zeer goed;72;2.50;3.47;1.9;13.4;Zeer goed
7;Viswinkel De Lange;Marcelisstraat 37 b - Den Haag;9.4;Kleine viswinkel met beperkt aantal vierkante meters. Klanten staan daardoor vaak buiten in de rij, want zij weten in groten getale de weg naar dit verkooppunt te vinden. En terecht.;Ja;Alles klopt. Van het schoonmaken tot aan de laatste hap is het genieten. Frisse, neutrale geur. Zilver vanbuiten, blank vanbinnen. Mals, zilt en romig.;9.4;Licht;Zeer goed;57;2.00;3.50;5.6;13.2;Zeer goed
8;Volendammer Vishandel Koning;Bogaardplein 10 - Rijswijk;9.3;Kees Koning is al meer dan tien jaar een vaste waarde in de top 10. Dat zegt alles over zijn inzet, passie en vakmanschap. Een visdetaillist zoals je die niet vaak zult tegenkomen.;Ja;Fris en zilt, zeer goed schoongemaakt. Glanzend zilver vanbuiten, transparant en blank vanbinnen. Prima haring met een mooie volle smaak.;9.3;Gemiddeld;Zeer goed;74;2.00;2.70;2.9;11.6;Zeer goed
9;M.J. de Graaf Fishmasters;Verkoopwagen parkeerterrein winkelcentrum Walburg - Zwijndrecht;9.2;Loon naar werken voor jong ondernemersechtpaar. Zij proberen al jarenlang het beste uit zichzelf en hun haring te halen. Harde, leergierige werkers die groot respect verdienen.;Ja;Een haring waarbij op het scoreformulier weer alle positieve punten zijn aangekruisd. Mals, zilt, romig, blank, glanzend, transparant, et cetera.;9.2;Gemiddeld;Zeer goed;63;2.00;2.94;-1.9;13.1;Zeer goed
10;Vistaria Schaap;Ootmarsumsestraat 296 - Almelo;9.1;Johan en Wim Schaap zijn ook ‘besmet geraakt met het haringvirus’. Zij investeerden in kennis en kunde en leveren het bewijs dat puike haring ook een kwestie van mentaliteit is.;Ja;Wauw, weer zo’n klasseharing. Perfect schoongemaakt. Mooie, volle, romige smaak en dat betekent weer genieten pur sang. Een omweg waard.;9.1;Gemiddeld;Zeer goed;80;2.25;2.81;4.1;12.6;Zeer goed
11;Volendammer Vishandel Sanny Bont;Passage 77 - Nieuwegein;9;Een hard gelag. Bont valt uit de top 10 na het bekend worden van de microbiologische resultaten. Dat doet voor een deel het harde werken teniet. Maar het blijft een mooie klassering.;Ja;Een haring met alleen maar positieve kenmerken. Volle romige smaak, fris en zilt. Een uitstapje waard voor de echte haringliefhebber.;9.5;Gemiddeld;Zeer goed;68;2.20;3.23;2.8;14.8;Waarschuwingsfase
12;Bartje’s Vis;Deldensestraat 31 - Almelo;9;Eigenaar Bart Schreuter heeft zich de afgelopen jaren fanatiek op de haring gestort en tal van kwaliteitsstappen gemaakt. Dat werpt nu zijn vruchten af. Groot compliment voor hele team.;Ja;Een toppertje. De Noordzee ligt 200 kilometer naar het westen, maar je ruikt hem wel. Fris en zilt. Mooi rood en blank. Een ware traktatie.;9;Licht;Zeer goed;59;2.00;3.38;6.3;13.4;Zeer goed
13;Urker Vishandel Van Slooten;Slotplantsoen 3 - Meppel;9;Eigenaar Johan van Slooten moet dankzij een afgescheurde achillespees al het werk aan het personeel overlaten. Wellicht geeft deze uitslag toch reden tot een klein feestje. Want het wordt druk.;Ja;En dan vind je in het noorden ineens een verborgen gebleven pareltje. Haring heeft alles wat erop en eraan moet zitten. Gewoon smullen.;9;Gemiddeld;Zeer goed;67;2.00;2.98;6.7;12.0;Zeer goed
14;Vishandel Atlantic;Levendaal 118 - Leiden;8.97;Meervoudig oud-winnaar Atlantic laat een steekje vallen. Op dit niveau kunnen ook kleine vergissingen ‘fataal’ zijn. Misschien het eerste signaal dat de scherpte niet meer optimaal is?;Ja;De haring op zich is uitstekend van smaak, maar het plezier wordt vergald doordat de kopgraten niet zijn verwijderd. Dat eet heel vervelend.;8.97;Licht;Goed;72;1.60;2.22;2.0;12.5;Zeer goed
15;Visgilde Lijffijt & De Jong;Biltstraat 50 - Utrecht;8.97;Lijffijt & De Jong is een zaak waar men altijd erg bezig is met kwaliteit. Die instelling werpt zijn vruchten af bij deze biologische viswinkel. Adres om te onthouden voor wie eens in de buurt is.;Ja;Voortreffelijke haring waaraan alleen het wauw-effect ontbreekt. Mals, zilt en romig. Ruikt fris en ziet er ook aantrekkelijk uit.;8.97;Gemiddeld;Zeer goed;81;2.25;2.77;0.3;9.2;Goed
16;Visspecialist Sluizeman;Baronie 90 - Alphen a/d Rijn;8.97;Meedraaien in de bovenste regionen is het bedrijven van topsport. Dan komt het aan op de kleinste punten. Sluizeman heeft zich de afgelopen jaren uitstekend ontwikkeld. Hulde.;Ja;Heerlijke haring, maar ook hier zijn de nog aanwezige kopgraten het struikelblok. Doodzonde. Was op smaak beslist in de top 10 geëindigd.;8.97;Licht;Goed;72;2.25;3.12;0.4;14.1;Zeer goed
17;Visgilde Steehouwer;De Schoof 80 - Hendrik-Ido-Ambacht;8.97;Zoals in elk beroep heb je ook bij de visdetaillisten goede en minder goede ondernemers. Steehouwer toont al jaren aan bij de eerste categorie te horen. Hij stelt nooit teleur. Klasse!;Ja;Vertrouwd adres stelt niet teleur. Een Nieuwe van topkwaliteit. Mals, zilt en romig. Zilver met een mooie speklaag. Weer een mooie prestatie.;8.97;Gemiddeld;Zeer goed;67;2.10;3.13;0.9;9.8;Goed
18;Visgilde Teun van der Toorn;Doortocht 3 b - Bodegraven;8.97;De immer rustige Teun van der Toorn stelt nooit teleur. Vakman die de Hollandse Nieuwe tot in de toppen van zijn vingers onder controle heeft. De moeite van het omrijden waard.;Ja;Wat kan haring toch lekker zijn. Fris, je ruikt de zee. Afgezien van een tikkeltje karamelverkleuring een plaatje. Een genot om mee te maken.;8.97;Gemiddeld;Zeer goed;67;2.25;3.35;2.9;12.2;Zeer goed
19;Visspecialist Jaap Struik;Verkoopwagen Essendreef - Gouderak;8.97;Jaap Struik is een van die ondernemers die bewijst dat ook vanuit een verkoopwagen uitstekende producten kunnen worden geleverd. Een voorbeeld voor velen van zijn collega’s.;Ja;Evenals broer Corné zorgt Jaap Struik voor een aangename verrassing. Van de schoonmaak tot het laatste hapje bij de staart, het klopt gewoon.;8.97;Gemiddeld;Zeer goed;65;2.25;3.46;1.1;11.7;Zeer goed
20;Vis.;Lange Baan 34 - Nootdorp;8.97;Groot respect voor jonge ondernemers als eigenaar Niels van de Coterlet. Harde werkers die niet alleen een mooie zaak opbouwen, maar ook bereid zijn te leren en kennis op te doen.;Ja;Fris en zilt. Zilver met een mooie speklaag. Spierweefsel aan buitenzijde iets verkleurd, maar dat is eigen aan dit type haring. Op smaak mals en iets romig.;8.97;Gemiddeld;Zeer goed;71;2.25;3.16;3.1;12.6;Zeer goed
21;Visspeciaalzaak Havenzicht;Lunenburgstraat 3 - Breda;8.97;Stevie Wijnings durfde het avontuur aan en opende zijn derde winkel. Dit keer in Breda, waarmee deze stad eindelijk weer een viszaak van topniveau heeft. Ga zelf maar eens kijken.;Ja;Zeer goede Hollandse Nieuwe. Het begint met voortreffelijk schoonmaken. Ziet er vanbinnen en vanbuiten goed uit. Lekker mals en romig.;8.97;Gemiddeld;Zeer goed;72;2.25;3.72;3.3;11.7;Zeer goed
22;puurvis;Damlaan 69 a - Leidschendam;8.97;In het westen van het land is gemiddeld genomen het niveau van een viswinkel hoger en puurvis is daar een goed voorbeeld van. Kan met het geluk van een goede partij nog hoger scoren.;Ja;Een prima Hollandse Nieuwe. Mals, zilt en romig glijdt het beestje zo naar binnen. Hier ook mooi zilveren buitenzijde, transparant blank visvlees.;8.97;Gemiddeld;Zeer goed;63;2.25;3.57;3.8;11.6;Zeer goed
23;Volendammer Visspecialist Tom Tuijp;Middenburcht 7 - Vleuten;8.97;Ook Tom Tuijp viel al menigmaal in de prijzen. Eindigt nu niet in de top 10, maar de verschillen in de bovenste regionen zijn marginaal. Vrij naar Nicolaas Klei: omfietsharing.;Ja;Een van de keurmeesters proeft een klein bittertje, maar voor de rest een prima haring. Ook zilt en iets romig. Fris en blank visvlees.;8.97;Gemiddeld;Zeer goed;72;2.30;3.15;4.1;10.4;Goed
24;Visgilde John Vermaas;Mia van IJperenplein 101 - Rotterdam;8.97;Op zijn eigen wijze timmert John Vermaas al vele jaren aan de weg, waarbij hij Kwaliteit met een hoofdletter in het vaandel heeft staan. Heeft duidelijke mening over straatverkoop.;Ja;En weer een haring waarop eigenlijk niets aan te merken valt. Alle positieve kenmerken zijn in meer of mindere mate aanwezig. Gewoon goed.;8.97;Gemiddeld;Zeer goed;64;2.00;3.12;5.4;10.8;Zeer goed
25;Visspecialist Martin den Heijer;Fahrenheitstraat 656 - Den Haag;8.97;Mooie viswinkel waar het goed toeven is. Ook dit keer laat Martin den Heijer zien dat hij het hele proces van de Hollandse Nieuwe onder de knie heeft. Hij weet waar hij mee bezig is.;Ja;Vakmensen aan het werk zien: altijd een genoegen. De geur is zilt, het visvlees mooi blank en de smaak zoals een Hollandse Nieuwe kan smaken.;8.97;Licht;Zeer goed;75;1.95;2.60;5.6;13.2;Zeer goed
26;Visgilde Leen de Jong;Middenbaan 73 - Barendrecht;7.97;In het algemeen laten de Visgilde-bedrijven zich kennen als de betere visdetaillisten. Leen de Jong is daar met deze Hollandse Nieuwe het levende bewijs van. Een knappe prestatie.;Ja;Hoewel de wauw-factor ontbreekt (dan was het een 10 geweest), is dit weer een aangename verrassing. Mals, zilt en romig. Doorhappen!;8.97;Gemiddeld;Zeer goed;64;2.25;3.51;6.8;10.2;Slecht
27;Het Beste Maatje;Stationsstraat 1 a - Middelburg;8.5;Eigenaar Adriaan van Moort is ook docent bij de SVO-vakopleiding. Daar kan hij nu ook vertellen hoe belangrijk het is de temperatuur in de hand te houden. Mist daardoor top 10 plaats.;Ja;Ook hier weer een voortreffelijke haring met veel positieve kenmerken. Voor wie in Middelburg is en van haring houdt zeker de moeite waard.;9;Gemiddeld;Goed;65;2.20;3.38;8.6;10.1;Zeer goed
28;Vishandel Peter Tol;Oostelijke Handelskade 1041–1045 - Amsterdam;8.5;De verzorgde winkel (en dito personeel) van Peter Tol is een lust voor het oog. Het lijkt allemaal zo simpel, maar hier wordt achter de schermen overduidelijk hard gewerkt.;Ja;Een Hollandse Nieuwe zoals je hem graag ziet. Nog enigszins romig en zilt. Hier pak je graag een tweede exemplaar bij de staart. Lekker!;9;Licht;Zeer goed;72;2.50;3.47;8.9;11.5;Goed
29;Volendammer Vishandel Johan Schilder;Europaboulevard 361 - Alkmaar;8.5;Fanatieke Johan Schilder is ‘not amused’ als hij merkt dat zijn personeel de instructies om ijs mee te pakken heeft genegeerd. Temperatuur iets te hoog. Kost een half punt en een hogere plaats.;Ja;Een klein feestje. Fris, transparant en mooi rood. Zilver vanbuiten, blank vanbinnen. Dit eet je met genoegen op. Is er nog een stukje?;9;Gemiddeld;Zeer goed;63;2.00;2.94;9.4;12.9;Zeer goed
30;Vishandel Nick;Markt 8 - Druten;8.5;Nick wilde graag weten ‘waar hij staat’ en geeft zichzelf op voor de test. Hij hoeft zich geen zorgen te maken. Haal alle graten weg en een nog hogere score ligt binnen handbereik.;Ja;Misschien waren het de zenuwen, maar hier zijn echt veel te veel graten achtergebleven. Voor de rest best wel een smakelijke Nieuwe.;8.5;Gemiddeld;Matig;79;2.50;3.76;4.2;12.6;Goed
31;Volendammer Vishandel Snoek;Helmholtzstraat 56 - Amsterdam;8.5;Kijk hoe liefdevol een klant die slecht ter been is naar haar scootmobiel wordt geholpen en het is duidelijk welke sociale plaats Snoek in de buurt inneemt. Amsterdamse gezelligheid.;Ja;Even een harinkje happen bij Snoek. De buurt kent z’n adresje. Perfect schoongemaakt, nog iets zilt en romig. Mooi zilver vanbuiten. Prima!;8.5;Gemiddeld;Zeer goed;86;2.20;2.55;5.3;12.2;Goed
32;Visspecialisten Kees en Chantal Sloot;Keizerswaard 12 - Rotterdam;8.5;Kees Sloot is een visverkoper die vertrouwen uitstraalt. Altijd goede producten en een keurige bediening. Beslist een potentiële kandidaat voor een toekomstige plaats in de top 10.;Ja;Na herkenning van het AD-testteam slaan de zenuwen toe. Nergens voor nodig. Er gaat een prima haring over de toonbank. Ook nog iets romig.;8.5;Gemiddeld;Zeer goed;76;2.15;2.82;5.9;13.5;Zeer goed
33;Fijnvishandel Santpoort aan Zee;Broekbergenlaan 44 - Santpoort;8.5;Deze winkel staat bij de lokale bevolking bekend als goed, maar wel aan de prijzige kant. Dat kan hier overigens wel lijden. Geld neerleggen voor slechte kwaliteit is altijd veel duurder.;Ja;Nette Nieuwe waarin alle positieve kenmerken nog in meer of mindere mate terug te vinden zijn. Iets zilt en romig. Best wel smakelijk hapje.;8.5;Gemiddeld;Zeer goed;79;2.40;3.03;6.2;9.6;Zeer goed
34;Lindsey’s Visspeciaalzaak;Veldpoortstraat 12 - Wijk bij Duurstede;8.5;Na de harde les kort na de opening vorig jaar zetten de jonge eigenaren alles op alles om beter voor de dag te komen. Verdiepten zich in de materie. En met succes. Goed gedaan.;Ja;Schoonmaken is top. Frisse haring. Zilver vanbuiten met mooie speklaag. Mals, ook nog iets romig. Ook een enigszins belegen smaak. Gewoon goed.;8.5;Gemiddeld;Zeer goed;71;2.20;3.09;6.9;14.2;Goed
35;Mediterranee;Vierambachtstraat 135 - Rotterdam;8;Geen vork gebruikt, vuil op de vloer, geen schone bedrijfskleding, handschoenen dragen maar wel geld aanpakken. Signalen dat het met de hygiëne beter kan. Wees daarop attent.;Nee;Jammer dat de haring niet vers van het mes wordt gesneden. Wordt met blote handen van de schaal gepakt. Iets belegen, wel goed van smaak.;8.5;Licht;Zeer goed;76;1.60;2.10;4.7;11.4;Goed
36;Visamy;Bellamypark 44 - Vlissingen;8;Zonder meer een goede haring, alleen, hij mist datgene wat de Hollandse Nieuwe tot een echte delicatesse maakt. Maar je zou willen dat alle zaken dit niveau haalden.;Ja;Zeer goed schoongemaakt. Blijft daarna te lang ongekoeld staan, waardoor temperatuur snel oploopt. Mals en zilt. Aan de hartige kant.;8.5;Gemiddeld;Zeer goed;72;1.95;2.70;8.4;15.4;Zeer goed
37;Roeleveld Vis;Visafslagweg 30 - Den Haag;8;Vers van het mes gaan snijden en temperatuur beter bewaken en ook Roeleveld, van oudsher een zeer bekende naam in het Scheveningse viswereldje, scoort zo een 9 of hoger.;Nee;Ruikt iets gerijpt. Zilver vanbuiten, vanbinnen karamel verkleurd. Dat gaat razendsnel. Op smaak nog romig. Tikkeltje belegen haring.;8.5;Gemiddeld;Goed;71;1.75;2.46;8.9;12.2;Zeer goed
38;’t Vispleintje;Sint Annaplein 11 - Baarle-Nassau;8;Twee jonge vrouwen begonnen hun eigen winkel en leggen daar eer mee in. Van heinde en verre stromen de klanten toe. Voor een dergelijke haring is dat de reis ook waard.;Ja;Het schoonmaken kan niet beter. Fris van geur. Iets karamel verkleurd, maar dat mag de pret niet drukken. Mals en aan de hartige kant.;8.5;Gemiddeld;Zeer goed;51;2.35;4.60;9.7;9.5;Zeer goed
39;Viscircus Gebr. Koning;Schippergarage 23 - Almere;8;Een ongelukkig testmoment. Als het AD binnenstapt, is de nieuwe winkel van Koning net drie uur open en dat betekent sowieso stress. Dan zo’n haring afleveren is dan ronduit een prestatie.;Ja;Hoewel de zenuwen toeslaan, maakt Jan Koning de Nieuwe perfect schoon. Fris en er is ook nog iets van een romige smaak terug te vinden.;8;Gemiddeld;Zeer goed;80;2.10;2.62;-2.1;18.4;Zeer goed
40;Volendammer Vispaleis Tol;Brockwaystraat 1 - Haarlem;8;Vispaleis Tol opende nog niet zo lang geleden de deuren en profiteert mee van de stroom publiek die de Vomar trekt. Niets mis mee. Nu al een aanwinst voor visminnend Haarlem.;Ja;Geen graatje te bekennen en dat doet goed. Mooi zilver aan buitenkant. Nog enigszins fris en zilt. Niet de echte top, maar wel goed. Keurig gedaan.;8;Gemiddeld;Zeer goed;79;2.25;2.84;1.7;11.1;Zeer goed
41;Van den Boogaart Visspecialiteiten;Hof van Holland 24 - Zwijndrecht;8;Een adres waar wordt geprobeerd het beste uit het product te halen. Wie op een dergelijke manier bewust bezig is, zal zich altijd positief onderscheiden. Ga door op de ingeslagen weg.;Ja;Absoluut oké. Ruikt nog iets naar de zee. Vanbuiten zilver, vanbinnen rood en blank. Frisse haring die zich gemakkelijk laat weghappen.;8;Gemiddeld;Zeer goed;67;2.00;2.98;3.4;13.9;Zeer goed
42;Visspecialist Van Lopik;Piazza Center 27 - Gorinchem;8;Van Lopik is al vele jaren een vaste waarde in de subtop. Heeft in de nabije omgeving geen echte concurrentie. Daardoor ontbreekt wellicht de prikkel om dat extra stapje harder te lopen.;Ja;Een goede haring, maar je ziet hem onder je handen bruin verkleuren. Stevige bite. Is nog iets romig. Jammer van die paar kleine graatjes.;8;Gemiddeld;Goed;61;1.95;3.19;4.7;7.7;Zeer goed
43;Spakenburgse Visspecialist Arjan Pastoor;Molenstraat 21 - Rhenen;8;Pastoors doet zichzelf een groot plezier met dit resultaat. En nog belangrijker: zijn klanten ook. Doel voor de komende jaren kan zijn steeds een half puntje hoger te scoren.;Ja;Zilver aan de buitenzijde met mooie speklaag. Ook vanbinnen fris en transparant. Nog iets mals, zilt en romig. Kan er absoluut me door.;8;Licht;Zeer goed;61;2.25;3.68;5.1;7.5;Zeer goed
44;De Jong Visspecialist;Utrechtsestraat 50 - IJsselstein;8;Als enige viswinkel in IJsselstein heeft De Jong natuurlijk een naam hoog te houden. Dat doet hij op keurige wijze. Een snelle blik in de vitrine leert dat het hier ook voor de rest wel goed zit.;Ja;Hier weten ze wat schoonmaken is. Een lust voor het oog en ook de smaakpapillen komen niets tekort. Stevige, hartige, iets belegen haring.;8;Sterk;Zeer goed;66;2.20;3.33;5.7;14.7;Goed
45;Vishandel Ger Buijs;Jacob van Campenplein - Rotterdam;8;De in de visbranche gepokt en gemazelde Ger Buijs weet waar hij mee bezig is heeft duidelijk plezier in zijn werk. Verwerft met zijn smakelijke haring een trouwe klantenkring.;Ja;Ruikt fris en gerijpt. Schoonmaak is helemaal in orde. Een mooie haring, die wel flink is doorgerijpt. Krijgt daarmee de smaak van oude kaas.;8;Gemiddeld;Zeer goed;55;1.75;3.18;6.1;10.8;Voldoende
46;De Visfuik;De Millystraat 9 - Zuidlaren;8;De Visfuik heeft al gedurende een reeks van jaren een plaats in de subtop. Dat is op zich een knappe prestatie. Klanten weten dat zij eigenlijk nooit teleurgesteld zullen weggaan.;Ja;Aan het schoonmaken is aandacht besteed. Mooi zilveren buitenzijde. Vanbinnen fris rood. Nog iets zilt en romig. Dit eet je niet voor je verdriet.;8;Gemiddeld;Zeer goed;61;2.00;3.27;6.3;10.8;Zeer goed
47;Vishandel Heijeplein;J.P. Heijeplein 1 - Dordrecht;8;Een kleine buurtzaak waar je altijd correct wordt geholpen. Er is aandacht voor de producten en voor de klanten. Als dit het algemene niveau was, zou de branche er beter voorstaan.;Ja;Vriendelijk personeel serveert een keurige haring. Mals en nog iets romig. Buitenzijde zilver. Fris en vanbinnen mooi helder rood en blank.;8;Gemiddeld;Goed;80;1.85;2.31;6.5;10.6;Goed
48;De Graaf Fish;Rompertpassage 53 - ’s-Hertogenbosch;7.5;‘Zijn zij het?’ gilt de verkoopster naar haar baas als zij meent het AD-team te herkennen. De haring is prima, maar de hygiëne is wel een puntje dat meer aandacht moet krijgen.;Ja;Neutraal van geur, een beetje vuil van de snijplank. Verder fris en zilver. De lichtgezouten haring heeft voor de rest geen minpunten. Lekker mals.;8.5;Groen;Goed;72;2.25;3.04;-1.8;15.9;Slecht
49;Vis van Klaas;Verkoopwagen Damplein - Dordrecht;7.5;Op een hete zomerdag is het in een verkoopwagen lastig werken. Alle begrip daarvoor. Desondanks moet de haring toch kouder worden gepresenteerd. De risico’s zijn te groot.;Nee;Goede haring die op smaak in de buurt komt van de echte top. Zeer goed schoongemaakt. Te hoge temperatuur is wel een punt van aandacht.;8.5;Licht;Zeer goed;53;2.25;4.24;12.1;15.8;Zeer goed
50;Visspecialist Hellevoetsluis;Struytse Hoeck 319 a - Hellevoetsluis;7.5;De test is altijd een momentopname. In het verleden heeft deze visspecialist weleens hoger gescoord. Het vakmanschap en de kennis zijn hier zeker aanwezig, dus even een tandje bijzetten.;Ja;Haring heeft nog een aantal positieve kenmerken: iets zilt en romig. Vanbinnen fris rood, maar de bruinkleuring begint al. Toch wel smakelijk.;8;Gemiddeld;Zeer goed;58;2.10;3.62;7.2;12.7;Zeer goed
51;Het Vishuis;Grotestraat 2 - Ede;7.5;Het allerbelangrijkste bij de verkoop van haring is een lage temperatuur. Onvoldoende koeling in de vitrine en de haring gaat achteruit. Toch komt Het Vishuis nog weg met een goede score.;Nee;Best een smakelijke Hollandse Nieuwe. Had ongetwijfeld hoger gescoord als hier het vers-van-het-mesprincipe was gehanteerd. Jammer.;8;Gemiddeld;Zeer goed;63;2.25;3.57;7.6;8.2;Zeer goed
52;Volendammer Vishandel Kroon;Globeplein 67 - Almere;7.5;De hele zaak straalt liefde voor het vak uit. Fraaie presentatie in mooi opgemaakte vitrine. Kroon moet nog even een iets betere partij haring oppikken en dan is het helemaal top.;Ja;Netjes schoongemaakt. Vanbuiten mooi zilver, vanbinnen mooi blank visvlees. Hapt wel lekker weg, maar mist het zilte en het romige.;7.5;Gemiddeld;Goed;88;2.25;2.55;-2.2;11.7;Zeer goed
53;LKKR;Tsjaikovskistraat 1 - Rhoon;7.5;Onwillekeurig heb je bij een verkooppunt een bepaald verwachtingspatroon. Vooraf was LKKR dan ook hoger ingeschat. Niet slecht, maar het kan gewoon zoveel beter.;Nee;Mals is nog de beste eigenschap. Voor de rest is al het frisse wel verdwenen. Vanbinnen iets bruin verkleurd. Ook een licht zoete bijsmaak.;7.5;Gemiddeld;Zeer goed;65;2.50;3.89;2.9;12.9;Zeer goed
54;Toet Visspecialiteiten;Herenstraat 60 - Voorburg;7.5;Iedere ondernemer mag de prijs vragen die hij zelf wil. Toch krijg je hier een hoog Kniertje-gevoel: de vis wordt duur betaald. Maar als je ermee wegkomt, waarom niet?;Ja;Huid en graten verhinderen beoordeling ‘zeer goed schoongemaakt’. Belegen, iets vettige haring. Niets mis mee, maar mist het kenmerkende.;7.5;Sterk;Goed;75;2.75;3.66;4.8;13.0;Zeer goed
55;Seven Seas Seafood;Zamenhofdreef 75 - Utrecht;7.5;Grote, nieuwe viswinkel opende enkele maanden geleden en loopt volgens de eigenaar ‘als een trein’. Haring is hier niet de eerste prioriteit, dus op zich een nette prestatie.;Ja;Opperhuid en anaalvin aanwezig. Nog iets zilt. Zilver vanbuiten, maar de karamelverkleuring heeft al ingezet. Zachte, wel smakelijke haring.;7.5;Gemiddeld;Goed;54;1.95;3.61;5.5;14.4;Zeer goed
56;Visspeciaalzaak Gebroeders De Block;Raadhuisplein 57 a - Krimpen a/d IJssel;7.5;Als detaillist kun je bij je groothandel je eigen partij uitzoeken, maar je bent toch afhankelijk van wat er voorhanden is. Klaarblijkelijk heeft De Block dit jaar een beetje pech gehad.;Ja;Haring ziet er goed uit, maar valt op smaak een beetje tegen. Water-en-windbeestje zonder specifieke negatieve of positieve eigenschappen.;7.5;Groen;Zeer goed;62;2.20;3.54;5.6;12.7;Zeer goed
57;De Jongens van de Fant;Breehorn 2 - Urk;7.5;De rij wachtenden staat tot buiten de deur. Niet voor de haring, maar voor Vaderdag Palingdag. De belangstelling van de lokale bevolking zegt iets over hoe deze zaak bekendstaat.;Nee;Huid en veel vieze smurrie. Haring oogt voor geen cent, maar de smaak valt mee. Doorgerijpt, maar geen smaakafwijkingen. Wel iets zalvig.;7.5;Gemiddeld;Matig;76;1.50;1.97;6;9.9;Zeer goed
58;Vishandel E. Fieret;Verkoopwagen Plein 1940 - Scherpenzeel;7.5;Vooral bij warm weer is het zaak in een verkoopwagen zeer alert te blijven. Blijft de haring even te lang liggen, dan is ransheid een feit. Fieret lijkt daaraan te ontsnappen.;Ja;In de geur is in de verte nog een vleugje zee te bespeuren. Aan de hartige kant, maar hapt verder wel lekker weg. Al een tikkeltje gerijpt.;7.5;Gemiddeld;Goed;69;2.00;2.89;6.1;11.1;Zeer goed
59;Visgilde Schot;Jan van Goijenstraat 6 - Papendrecht;7.5;Als, als, als. Als Schot een nieuwe emmer had gepakt, zou hij ongetwijfeld hoger hebben gescoord. Nu ook niet slecht, maar nu blijft hij toch steken in de middenmoot.;Nee;De haring komt uit een emmer die al enige tijd geleden is geopend. Dat is niet erg, maar het rijpingsproces gaat wel door. Dus een tikkeltje belegen.;7.5;Gemiddeld;Zeer goed;64;2.00;3.12;6.2;11.8;Zeer goed
60;Corrie’s Visstekje;Vincent van Goghstraat 15 - Nuenen;7.5;Corrie is dolenthousiast dat de Haringtest haar Visstekje aandoet. Zij hoeft zich ook nergens voor te schamen. Op een broodje met een uitje erbij is dit een uitstekende haring.;Nee;Een paar graatjes, maar voor de rest goed schoongemaakt. Beetje karamel verkleurd. Iets belegen en aan de vettige kant. In de verte nog een beetje room.;7.5;Gemiddeld;Goed;75;2.50;3.33;6.8;10.6;Zeer goed
61;The Fishery;Doctor Slotemaker De Bruïneplein - Veenendaal;7.5;Hollandse Nieuwe zoals je die (te) vaak tegenkomt. Wie de topproducten kent, haalt z’n neus op, maar de gemiddelde consument zal hier helemaal geen moeite mee hebben.;Ja;Te veel graten om lekker te eten. Ook vanbinnen niet schoongestreken. Geen top, maar ook geen echte afwijkingen. Wel aan de hartige kant.;7.5;Licht;Matig;59;2.00;3.38;6.8;10.7;Zeer goed
62;De Lemster Vishal;Kortestreek 3 - Lemmer;7;Op het oog een gemiddelde viszaak met redelijke haring, maar vis en toeristen zijn niet altijd een gelukkige combinatie. Weten die buitenlanders hoe een Nieuwe smaakt?;Ja;Huid en veel vuil van de plank. Ook erg onregelmatig gefileerd. Doorgerijpte haring met alle smaakkenmerken van dien. Jammer van het bittertje.;7.5;Sterk;Matig;69;2.00;2.89;5.5;13.4;Waarschuwingsfase
63;Vishandel Harry van Goor;Johannes Vermeerstraat 33 - Maarssen;7;Vriendelijke eigenaar ziet de koeltas en vermoedt dat het AD in de zaak staat. Dat klopt. Klein schoonheidsfoutje doordat de temperatuur iets te hoog is.;Ja;Voor de eerste klanten van de dag komt de haring uit een emmer van de vorige dag. Niets mis mee, wel bepalend voor de belegen smaak.;7.5;Gemiddeld;Zeer goed;73;2.50;3.42;7.1;10.1;Zeer goed
64;Van der Zwan Vistotaal;Kerkeveldlaan 14 - Roermond;7;Van oudsher een bekende en gerenommeerde naam in noordelijk Limburg. Kan zich met een klein beetje meer moeite vermoedelijk aanzienlijk verbeteren.;Nee;Hollandse Nieuwe zoals die op veel plaatsen wordt verkocht. Beetje gerijpt, iets te hoge temperatuur en daardoor een vettige smaak.;7.5;Gemiddeld;Zeer goed;67;1.85;2.76;9.5;10.3;Zeer goed
65;Visspecialist Bonito;Verkoopwagen Hobbemastraat - Maassluis;7;Door het langdurig schoonmaken loopt de temperatuur op. Dat kan iets zijn om op te letten. Verkoper klaagt over de gemeente die hem geen andere standplaats wil verstrekken.;Ja;Verkoper herkent de keurmeester en pakt toch maar een nieuwe emmer. Geen bezwaar. Frisse haring die al iets is verkleurd. Hartig en iets gerijpt.;7.5;Gemiddeld;Goed;58;1.80;3.10;9.8;5.9;Goed
66;Visspeciaalzaak De Bleistarte;Schoolstraat 4 - Zwartsluis;7;Een Hollandse Nieuwe zoals je deze dit jaar bij bosjes tegenkomt. Er is niets mis mee, maar net een aantal uren te lang doorgerijpt. Dat spel moet je als detaillist (leren) beheersen.;Ja;Door een enkel graatje laten we de pret niet bederven. Fris en mooi rood, maar ook doorgerijpt. Niet meer zilt en romig. Goede middenmoter.;7;Gemiddeld;Goed;66;1.95;2.95;4.7;11.7;Zeer goed
67;Vishandel Volendam;Zamenhofdreef 31 - Utrecht;7;Doorsnee viswinkel waar alles prima in orde lijkt. Wat betreft de haring kan er nog wel een verbeterslag worden gemaakt, maar veel klachten zal deze haring niet geven.;Ja;Haring zoals die veel wordt verkocht. Doorgerijpt, nog wel enigszins mals maar ook een tikkeltje vettig. Daardoor niet echt fris. Iets verkleurd.;7;Sterk;Zeer goed;77;2.35;3.05;5.3;12.6;Zeer goed
68;Hopman’s Zeevishandel;Verkoopwagen dagmarkt donderdag centrum - Lopik;7;Werken in een verkoopwagen is altijd lastig en helemaal als je alleen staat. Verkoper wordt niet nerveus van drukte voor de kraam en werkt rustig door. Geen top, wel acceptabel.;Ja;Los van wat graatjes goed schoongemaakt. Deense haring die onder je handen bruin kleurt. Zacht beestje met de structuur van mayonaise.;7;Gemiddeld;Goed;85;2.10;2.47;5.8;12.4;Zeer goed
69;Vishandel Theo Muys;Dobbe 7 - Zwolle;7;Detaillist snijdt ’s morgens vroeg nog uit de emmer van vorige dag. Daar is niets mis mee, maar de haring rijpt wel door. Een nieuwe emmer valt waarschijnlijk 1,5 punt hoger uit.;Ja;Eerst een compliment voor het schoonmaken! Wat belegen haring, aan de zachte kant. Enigszins bruin verkleurd. Nog wel goed van smaak.;7;Gemiddeld;Zeer goed;77;1.95;2.53;6.4;8.2;Goed
70;Vishoek Maru;Villapark - Rotterdam;7;In elk mens schuilt een verhaal. Leer deze mensen kennen en proef iets van de hardheid en tragiek die het leven kan brengen. En dan toch doorgaan. Dat verdient bewondering.;Ja;Goed schoongemaakt. Ruikt ver weg nog iets zilt. Transparant en blank visvlees. Aan binnenzijde iets verkleurd. Geen top, maar hapt wel lekker weg.;7;Gemiddeld;Goed;67;2.00;2.98;6.9;10.7;Zeer goed
71;Vishandel De Zeemeeuw;Meeuwenlaan 136 - Amsterdam;6.5;De Zeemeeuw mag dan een prima haring serveren, met een dergelijke slordige manier van werken is het gewoon wachten op het komende bedrijfsongeval. Bederf ligt op de loer.;Nee;Puur op smaak kan deze Nieuwe er wel mee door. Bedrijfsmatig gaat het om de details. Geen vork gebruikt, temperatuur veel te hoog.;8;Gemiddeld;Goed;77;2.50;3.24;12.9;9.4;Zeer goed
72;Van Arenthals Vishandel Kees;Geert Groteplein 11 - Alkmaar;6.5;Van Arenthals heeft in Alkmaar een goede naam, maar maakt deze niet waar. Slordigheden in de bedrijfsvoering kosten punten. Misschien tijd om de zaak eens goed door te lichten.;Ja;Haring pak je met een vork, niet met je handen. Temperatuur is ook te hoog. Nog iets fris en rood. Mals maar niet zilt en romig. Beter verwacht.;7.5;Gemiddeld;Zeer goed;68;2.20;3.23;8.9;10.9;Voldoende
73;Tijger & De Vis;Lindengracht 158 h - Amsterdam;6.5;Met een eigen assortiment wil Tijger & De Vis zich onderscheiden van andere viszaken. Dat is een mooi streven. Kan wat scherper qua werkwijze. Laat bijvoorbeeld temperatuur niet oplopen.;Ja;Jonge, enthousiaste ondernemer loopt haring met een pincet na om alle graten te verwijderen. Haring is mals, hartig, zacht en doorgerijpt.;7.5;Gemiddeld;Zeer goed;79;3.00;3.79;10.3;11.2;Voldoende
74;Vishandel Gundlach;Groenelaan 73 - Schiedam;6.5;Vriendelijke verkoper vertelt hoe de Gundlachs eeuwen geleden als glasblazers naar Schiedam kwamen. En hij zit in de vis. Beheersing van temperatuur is puntje van aandacht.;Ja;Het schoonmaken is best in orde. Ook in de geur geen afwijkingen. Wel weer die karamelverkleuring. Iets doorgerijpt en vettig. Toch niet onaardig.;7.5;Gemiddeld;Goed;60;2.00;3.33;10.4;13.1;Zeer goed
75;Vislokaal;Soesterbergsestraat 31 - Soest;6.5;Een nieuwe zaak waar het vooral een kwestie lijkt van puntjes op de i zetten. Meer aandacht voor het schoonmaken, temperatuur beter bewaken en alles komt vermoedelijk wel goed.;Ja;Graten en vuil van de snijplank. Ook zijn er hele happen uit het visvlees. Geen afwijkingen, maar ook niets dat het fijne van een nieuwe kenmerkt.;7;Gemiddeld;Matig;68;2.50;3.67;7.1;13.7;Zeer goed
76;Vishandel Frijters;Verkoopwagen Doormanplein - Capelle a/d IJssel;6.5;Frijters is al vele jaren in Capelle een vaste verschijning. Presteert wisselend. Scoort ook regelmatig hoger. Mogelijk iets teveel op de automatische piloot gewerkt. Weer op scherp.;Ja;Met vuil van de snijplank en graten maak je geen vrienden. Doorgerijpte haring met volle olieachtige smaak. Verder geen afwijkingen.;7;Gemiddeld;Matig;81;2.25;2.77;8.5;11.3;Zeer goed
77;Vishandel Waninge;Walderstraat 27 - Lochem;6.5;De jonge Marc Huetink heeft de zaak van zijn oude leermeester overgenomen. Als het om haring gaat, is het een kwestie van nog veel leren en de puntjes op de i.;Ja;Huid en graten. Een Nieuwe waar het frisse vanaf is. De rijping is al flink op gang gekomen en dat bepaalt de (belegen) smaak. Niet slecht, kan beter.;7;Gemiddeld;Matig;73;2.45;3.35;8.5;13.0;Zeer goed
78;Vishandel J. van de Geest;Verkoopwagen Pieter Stastokerf - Amersfoort;6.5;Je mag hem niet afkeuren. En zeker met een uitje erbij zal deze belegen Hollandse Nieuwe prima smaken op een broodje. Maar als haringliefhebber leg je de lat graag wat hoger.;Ja;Huid en graten. Het fileermes is te gretig gehanteerd. Haring aan binnenzijde bruin verkleurd. Niet echt fijn van smaak. Olieachtig en vettige smaak.;6.5;Sterk;Matig;72;1.95;2.6;5.9;5.9;Goed
79;Visspecialist Spijkenisse;Winterakker 27 - Spijkenisse;6.5;Een Hollandse Nieuwe die je niet mag afkeuren, maar waar je de echte liefhebber ook weinig plezier mee zult doen. Het is allemaal zo middelmatig. Ga de uitdaging eens aan.;Ja;Ook deze haring heeft zijn frisheid al weer enige tijd achter de rug. Stevig visvlees. Karamel verkleurd. De bekende typisch belegen smaak.;6.5;Gemiddeld;Matig;60;2.00;3.33;6.2;7.2;Goed
80;Gamba Seafood;Jansstraat 31 - Arnhem;6.5;Panel hoopte weer eens een 9 of hoger te kunnen noteren. Maar met deze peperdure, uiterst matige haring maakt Gamba zijn goede naam en faam geenszins waar. Kan en moet beter.;Ja;Frisse en zilte geur is geheel verdwenen. Doorgerijpte lucht. Haringen zijn karamel verkleurd. Gerijpt en tikkeltje olieachtig van smaak. Geen top.;6.5;Gemiddeld;Goed;62;2.70;4.35;6.4;9.3;Zeer goed
81;Vishandel Jack de Scheveninger;Verkoopwagen Graaf Florisplein - ’s-Gravenzande;6.5;Vooral bij een verkoopwagen blijft het toch altijd een beetje een gok wat je gaat tegenkomen. Geen onvoldoende is het niet, maar tegen een keertje overslaan zal ook niemand bezwaar maken.;Ja;Haring oogt fris, maar ziet er beter uit dan hij zal smaken. Aan de zoute kant, sterke pekelsmaak en sterk doorgerijpt. Je moet ervan houden.;6.5;Sterk;Goed;58;1.95;3.41;6.7;11.8;Goed
82;Visspeciaalzaak Ans Klappe;Heidebloemstraat 57 - Nijmegen;6;Buurtwinkel waarvan je je als buitenstaander afvraagt hoe er een fatsoenlijke boterham is te verdienen. Zeker geen onvoldoende, maar voor de haring hoef je hier niet heen.;Nee;De haring is karamel verkleurd. Afwijkende, tikkeltje zoete lucht. In smaak geen verdere grote dissonanten. Wel aan de vettige kant.;7;Gemiddeld;Goed;74;2.25;3.04;7.3;10.8;Waarschuwingsfase
83;Volendammer Vishandel Tol;De Huesmolen 74 - Hoorn;6;Kniertje zei het al: ‘De vis wordt duur betaald.’ Voor bijna 3 euro (6 gulden, rekenen sommige oudere haringeters nog) mag je meer verwachten dan deze middelmaat.;Nee;Ook deze haring is alle frisheid kwijt. Zowel vanbinnen als vanbuiten sterk bruin verkleurd. Niet echt vies, maar smakelijk is wat anders.;6.5;Gemiddeld;Zeer goed;78;2.75;3.52;7.4;13.9;Goed
84;Haringshop Eudokiaplein;Eudokiaplein - Rotterdam;6;Straatverkopers zoals je die alleen in Rotterdam en omgeving gedurende een paar weken per jaar kunt aantreffen. Een folkloristische manier van doen, in feite niet van deze tijd.;Ja;Opperhuid, een te lange hoofdgraat en niet strak gesneden. Te hoge temperatuur en dat proef je. Hartig, gerijpt en pekelsmaak.;6.5;Gemiddeld;Matig;63;1.80;2.85;9.4;7.0;Goed
85;Bram van Diermen World of Fresh Fish;Verkoopwagen dagmarkt woensdag Voorstraat - Vianen;6;Van Diermen heeft wel eens beter gescoord en ook wel slechter. Eigenlijk weet je nooit waar je aan toe bent. Het kan alle kanten opgaan. En of je daar nu gelukkig van wordt?;Nee;Haring ruikt tranig en dat is ook al in de smaak terug te proeven. Visvlees bruin verkleurd. Sterk doorgerijpt. Geen frisse haring.;6;Sterk;Goed;58;2.00;3.44;6.3;12.5;Goed
86;024 Vis;Zwaneveld 8020 - Nijmegen;5.5;De scheidslijn tussen een voldoende en een onvoldoende kan soms flinterdun zijn. Op smaak valt het muntje de goede kant op. Maar een scherpere werkhouding is noodzakelijk.;Nee;Tikkeltje belegen haring die alle frisse componenten achter zich heeft gelaten. Binnenzijde bruin verkleurd. Zo’n beetje de middelmaat.;7;Licht;Goed;77;2.75;3.57;8.9;4.6;Slecht
87;Urker Vis en meer;Kleine Kerkstraat 1 - Leeuwarden;5.5;Bij Chinese ondernemers denk je niet automatisch aan een klik met zo’n traditioneel product als Hollandse Nieuwe. Er zijn wel een paar verbeterpuntjes aan te dragen.;Ja;Veel huid en graten. Daar word je niet vrolijk van. Zowel vanbinnen als vanbuiten sterk bruin verkleurd. De smaak valt desondanks alleszins mee.;7;Gemiddeld;Matig;73;2.00;2.73;10.6;13.3;Waarschuwingsfase
88;Vishandel Anita;Textielplein 34 - Tilburg;5.5;Ook na vele jaren veldwerk blijf je je verbazen over de dagelijkse praktijk. Een visdetaillist die zo werkt, speelt met vuur. Is het desinteresse? Pure ondeskundigheid?;Nee;Een hoge temperatuur en een vette haring is geen gelukkig huwelijk. Bruin verkleurd. Nu nog redelijk van smaak, had een paar uur later anders kunnen zijn.;7;Gemiddeld;Goed;66;2.50;3.78;13.4;8.1;Waarschuwingsfase
89;Vishandel Boels;Menistenplein 1 - Stadskanaal;5.5;Boels is provinciaal winnaar van de Kibbelingcup, een marketingproject van de Vereniging Nederlandse Visdetaillisten. Jammer dat hij niet meer aandacht heeft voor de Hollandse Nieuwe.;Nee;"Haringfilets kleven iets aan elkaar; niet fris. Buitenzijde karamel, vanbinnen bruin verkleurd. Vrijwel geen bite. Iets klef en olieachtig.";6.5;Gemiddeld;Goed;80;2.20;2.75;9.9;11.2;Waarschuwingsfase
90;Vishandel Sontplein;Sontplein 3 - Groningen;5.5;Vrolijk stel hardwerkende vrouwen houdt de vaart en de stemming erin. Iets meer aandacht voor waar zij mee bezig zijn, zal de kwaliteit wel ten goede komen. Beetje kantje boord.;Ja;Haring beetpakken met de handen kost 0,5 punt. Slordig schoongemaakt: graten, vuil van de snijplank, ingewanden. Smaak: een bek vol mayonaise.;6.5;Gemiddeld;Matig;68;2.00;2.94;8.9;14.2;Zeer goed
91;Vishandel Keizer & Zn;Verkoopwagen Veldhoflanden 5 - Enschede;5.5;Het getuigt van lef om voor zo’n harinkje 2,50 euro te vragen en dan deze kwaliteit te leveren. Maar klaarblijkelijk laten zijn klanten Keizer hiermee wegkomen. Raadselachtig.;Nee;Los van een paar graatjes goed schoongemaakt. Smaak valt voor een Nieuwe tegen. Sterk bruin verkleurd. Doorgerijpt en bitter. Ook dat vettige.;6;Gemiddeld;Goed;62;2.50;4.03;7.1;12.3;Zeer goed
92;Vishandel Buter;Verkoopwagen Wittesteijn - Emmeloord;5.5;Buter heeft geluk dat hij ’s morgens wordt beoordeeld. Een paar uur later en deze haring had er helemaal doorheen gezeten. Scherpere attitude van personeel lijkt noodzakelijk.;Nee;Heel veel smurrie aan de binnenzijde, erg rafelig gesneden. Ook nog huid. Bruin verkleurd. Het kan nog wel, maar voor je genoegen eet je dit niet.;6;Sterk;Slecht;65;2.00;3.07;8.3;7.2;Zeer goed
93;Urker Visspecialiteiten Baarssen;Noorderwagenplein 10 - Lelystad;5.5;De zaak ademt de sfeer van het bekende gooi- en smijtwerk. Alles gaat razendsnel, maar de zorgvuldigheid lijkt daarmee het kind van de rekening. In feite een tientje weggegooid hier.;Nee;Graten, huid en smurrie. Het snellere schoonmaakwerk. De haring is alles kwijt wat het beestje zo aantrekkelijk maakt. Korrelig en olieachtig.;5.5;Gemiddeld;Matig;82;2.25;2.71;6.1;10.0;Zeer goed
94;Volendammer Vishandel Plat & Tol;Quirinegang 81 - Zoetermeer;5.5;De zaak staat in Zoetermeer bekend als een gedegen viswinkel en scoorde in het verleden al eens een 8,5. Nu bestaat de indruk dat het scherper kan. Teugels aanhalen.;Ja;Veel huid en graten. Filets kleven enigszins aan elkaar. Zachte, papperige haring met een afwijkende, vreemde bijsmaak. Geen echt genoegen.;5.5;Gemiddeld;Matig;59;2.00;3.38;6.1;10.5;Voldoende
95;Vishandel Wennekes;Verkoopwagen parkeerterrein Jumbo ’s-Gravenwaardsedijk 78 a - Tolkamer;5.5;In de regio is Wennekes een grote naam. De vraag is of het hier eenoog in het land der blinden is. Met concurrentie op de loer red je het niet met deze kwaliteit.;Nee;Sterk doorgerijpte lucht en dan weet je wat je te wachten staat. Smaakt al een beetje vissig, eerste sporen ransheid. Eet je niet voor je plezier.;5.5;Sterk;Matig;68;2.1;3.08;6.9;10.5;Zeer goed
96;Zeevishandel Kees Heinen;Verkoopwagen dinsdag Waardenburglaan - Tiel;5;Verkooppunt maakt een enigszins rommelige indruk. Dat het naar rottend afval stinkt , draagt ook al niet bij tot de feestvreugde. En dan ook nog een matige haring.;Ja;Ondanks de zeer hoge buitentemperatuur slaagt Heinen erin beneden de 7 graden te blijven. Knap. Voor de rest helaas een vettige gratenbak.;6;Gemiddeld;Slecht;65;2.25;3.46;6.1;10.5;Slecht
97;Rene’s Visspeciaalzaak;Herenhof 34 - Alphen a/d Rijn;5;Niet vers van het mes snijden is een keuze, maar het niet beheersen van de temperatuur in de vitrine toont gebrek aan vakmanschap. Dat ga je snel proeven.;Nee;Het schoonmaken is uitstekend gedaan, maar daarmee hebben we het wel gehad. Tranige geur komt in de smaak terug. Vet en zalvig. Iets metaal.;6;Sterk;Zeer goed;63;2.10;3.33;10.2;10.0;Goed
98;Vishandel De Lekkerbek;Verkoopwagen Grote Beer - Hoogeveen;5;‘Onze kwaliteit is hoog’, schrijft De Lekkerbek op de eigen website. Zo’n opmerking bekt wel lekker, maar blijkt, gelet op wat er in de praktijk gebeurt, gewoon loze prietpraat.;Ja;De haring heeft de rooklucht van gebakken vis aangenomen. Binnenzijde kleurt bruin en crème. Daarop gelet valt de smaak nog mee. Vissig en vet.;6;Gemiddeld;Goed;63;2.00;3.17;13.8;8.7;Goed
99;Van Altena Seafood;Amstelveenseweg/hoek Kalfjeslaan - Amsterdam;5;De oude Van Altena, ooit wereldberoemd in Amsterdam met zijn kraam naast het Rijksmuseum en bekend om zijn fanatisme, draait zich in zijn graf om dat dit over de toonbank gaat.;Ja;Op het schoonmaken is niets aan te merken. Temperatuur is veel te hoog. Daardoor ook die olieachtige, vettige smaak. Bitter en iets metaal.;6;Gemiddeld;Zeer goed;74;3.00;4.05;14.2;12.5;Zeer goed
100;Vishandel Schot-Bout;Turfkade - Brielle;5;Teleurstellend resultaat van verkooppunt dat bekendstond om zijn goede haring. Aan de (sub)top blijven is topsport. Als de aandacht verslapt, krijg je dit soort vreemde uitglijders.;Nee;Veel te veel graten om aangenaam te eten. Ruikt een beetje zuur. Al het frisse is verdwenen. Rare, afwijkende smaak. Ook bitter en metaalsmaak.;5.5;Gemiddeld;Matig;53;1.90;3.27;7.1;12.6;Zeer goed
101;Visshop De Noordkade;Noordkade 27 - Drachten;4.5;Zou iemand van de Partij voor de Dieren hier een harinkje happen, dan volgt daar zeker actie op. Een Hollandse Nieuwe op deze manier presenteren is dierenmishandeling.;Nee;Huid en graten. Hier is de bijl gebruikt in plaats van het fileermes. Karamel verkleurd. Niets fris meer te bespeuren. Smaakt vooral bitter. Doodzonde.;5;Gemiddeld;Matig;63;2.00;3.17;7.9;12.4;Voldoende
102;Vishandel Konter;Haven 21 - Vollenhove;4.5;Vollenhove is je een pittoresk dorpje, zeker aardig om een keertje langs te gaan. Maar het is ook goed te weten welke plaatsen je als haringliefhebber moet mijden.;Nee;De lucht van de palingrokerij vind je in de haring terug. En waarom de binnenzijde niet even afgestreken? Bloed is donker verkleurd. Rans en bitter.;4.5;Sterk;Matig;63;2.00;3.17;5.4;10.5;Zeer goed
103;Visspeciaalzaak Van Schoonhoven;Marktplein 11 - Bennekom;4;Kwaliteit laat zich met de mond gemakkelijk belijden. Overgebleven haring ook echt verwerken in plaats van te verkopen, is een heel ander verhaal. Boefjes zijn het.;Nee;Om 09.00 uur ruim je eerst op wat van de vorige dag is overgebleven. Beetgepakt met de handen. Bruin en roze. Vooral olie en bitter. Bah!;5;Sterk;Goed;64;2.25;3.51;4.3;6.4;Zeer goed
104;XL Vis;De Stede 21 - Den Haag;4;Relatief hoog geprijsd en absoluut zonde van je geld. Een lekkere Hollandse Nieuwe is een prima visitekaartje voor je bedrijf. Met deze haring geef je eerder een wegblijfgarantie af.;Nee;Ooit goede haring is al veel positieve eigenschappen kwijtgeraakt. Ruikt muf, vooral aan binnenzijde donker verkleurd. Harinkje oude kaas.;5;Sterk;Goed;71;2.20;3.09;8.3;8.9;Waarschuwingsfase
105;Visspecialiteiten De Oceaan;Plein 1953-1 - Rotterdam;4;Duidelijk een kwestie van beter nadenken over procedures en de puntjes op de i zetten. Als er niets gebeurt, is het een kwestie van tijd voordat het helemaal misgaat.;Ja;Buiten schoonmaken terwijl er een warme wind waait, is vragen om problemen. Bruin verkleurd. Vettig en een metaalachtige bijsmaak.;5;Gemiddeld;Zeer goed;77;1.85;2.90;10.5;11.4;Zeer goed
106;Vishandel Tammenga;Verkoopwagen Borgsloot - Groningen;4;Zelden zo’n droef verkooppunt gezien. Onverzorgd, niet schoon, en personeel waar de last van het leven vanaf straalt. Oprecht medelijden met deze ondernemers.;Ja;Schoonmaken duurt eindeloos en dan nog huid en graten. Licht- en donkerbruin verkleurd. Een mond vol vettige substantie. Haring? Bah!;5;Gemiddeld;Matig;64;2.00;3.12;13.9;7.9;Goed
107;Vishandel Volendam Kerkelanden;Kapittelweg 233 - Hilversum;4;Wie de restjes van de vorige dag in de vitrine legt, verdient niet beter. Doodzonde. Nieuwe, mooie winkel en dan uit verkeerde zuinigheid je naam meteen zo te grabbel gooien.;Nee;Altijd positief beginnen: goed schoongemaakt. Jammer dat de haring niet te eten is. Zwaar bruin verkleurd. Rans, bitter en metaalsmaak.;4.5;Sterk;Goed;78;2.45;3.14;6.3;9.7;Zeer goed
108;Volendammer Vishandel Sier;Landstraat 34 - Bussum;4;Je snapt niet wat dit soort visdetaillisten bezielt. Volledige desinteresse en een schrijnend gebrek aan vakmanschap. Wie zo kennis maakt met Hollandse Nieuwe, eet hem nooit meer.;Nee;Graten en vuil van de plank. Oogt onsmakelijk en smaakt ook zo. Metalige bijsmaak. Ook nog eens rans en bitter. Doodzonde van je geld.;4;Sterk;Matig;73;2.30;3.15;6.5;11.6;Zeer goed
109;Vishandel Jan Zwarthoed;Verkoopwagen weekmarkt woensdag Raadhuisplein - Nederweert;3.5;Heel attent: haring wordt verpakt in een klein koeltasje. Maar dat is slechts symboolpolitiek als de haring al te warm uit de vitrine komt. Even bij de les blijven a.u.b.;Nee;Het kan niet vaak genoeg gezegd: een te hoge temperatuur is funest voor haring. Bruin verkleurd, rans en een metalige bijsmaak.;5.5;Gemiddeld;Goed;59;2.00;3.38;11.2;7.5;Slecht
110;Vishandel ’t Dolfijntje;Ring 5 - Burgh-Haamstede;3.5;Burgh-Haamstede is in de zomer natuurlijk één grote toeristenfuik. ’t Dolfijntje zal denken dat kwaliteit er niet toe doet als je die klanten toch nooit meer terugziet. Tja…;Ja;Graten en een te lange hoofdgraat. Personeel staat te eten achter de snijplank. Geen vork gebruikt. Donkerbruin, bitter, rans en metaalsmaak.;5;Gemiddeld;Matig;66;2.00;3.03;12.9;8.7;Zeer goed
111;Vishandel Schuur;Poststraat 36 - Wildervank;3.5;Zelfs na het bezoeken van honderden viswinkels kun je in een flits worden getroffen door de treurigheid van het leven. Wat een armoede. Hiermee een bestaan opbouwen? Knap.;Nee;"De haring glimt je tegemoet; meestal een slecht teken. Blubberige massa. Bruin en cyclaam verkleurd. Vet hapje, glijdt soepel naarbinnen.";5;Gemiddeld;Goed;63;2.00;3.17;13.9;7.3;Waarschuwingsfase
112;Vis Expo;Nieuwstraat 22 - Middelharnis;3.5;Zou zo’n visdetaillist zijn eigen producten weleens proeven? Vermoedelijk niet, anders is het niet te verklaren dat dit zo over de toonbank gaat. Klanten gooien hun geld weg.;Ja;Opperhuid, lange hoofdgraat en smurrie. Bloed is donkerrood verkleurd en geeft een bittere smaak. Ruikt en smaakt ook nog rans. Treurig!;4.5;Sterk;Matig;58;1.85;3.36;12.6;9.2;Goed
113;Vis Enzo;Tongelresestraat 270 a - Eindhoven;3.5;Deze visdetaillist heeft misschien van huis uit wat minder met haring. Hij blijkt in elk geval wel in staat om een ooit goede haring vakkundig om zeep te helpen.;Nee;De geur is de eerste indicatie en even later bevestigen de smaakpapillen het: zo rans als de pest. Bruin, muf en vettig. Waar is die afvalbak?;4.5;Gemiddeld;Goed;65;2.25;3.46;14.5;9.1;Voldoende
114;Vishandel Nico Smit;Wagnerplein 23 - Tilburg;3.5;Stel, iemand probeert voor het eerst een haring en krijgt deze viezigheid voorgeschoteld. Zo iemand ben je de rest van zijn leven kwijt als haringeter. Weer een gemiste kans.;Nee;Veel te veel graten en vuil van de snijplank. Buitenzijde zilver en mooie speklaag. Bruin verkleurd. Bitter, metaal en rans. Uitspugen die hap.;4;Sterk;Matig;74;2.50;3.37;9.1;11.9;Goed
115;Vishandel Je Maatje;Wesseler-Nering 36-37 - Enschede;3.5;Als je je zaak Je Maatje noemt, geef je daarmee aan dat je iets met haring hebt. En dan laat je dit over de toonbank gaan. Sorry hoor, maar dan is er iets helemaal niet in orde.;Nee;Weer zo’n haring die al lang geleden een hoogtepunt bereikte. Al het frisse is er wel vanaf. Bruin en geel. Olie, vet en bitter. Uitgesproken rans.;3.5;Sterk;Goed;63;2.30;3.65;6.9;11.0;Zeer goed
116;Volendammer Vishandel Jan Plat;Verkoopwagen parkeerterrein Stationsweg 3 - Broek op Langedijk;3;Een verkooppunt dat voor onmiddellijke sluiting in aanmerking komt. Een beetje kritische consument heeft aan één blik voldoende om onmiddellijk in de auto te springen. Weg!;Nee;Haringdrab, maar wel netjes schoongemaakt. Aan de gele en cyclaamverkleuring is al te zien dat de smaakpapillen het weer zwaar krijgen. Kots!;4;Gemiddeld;Goed;85;2.00;2.35;13.4;12.9;Goed
117;Vishandel J.Karregat;Verkoopwagen Markt - Breukelen;3;Soms geloof je je ogen niet. Schandalig dat dit over de toonbank gaat. Zit tegen bederf aan. Eigenlijk niet meer geschikt voor consumptie. Alleen gebruiken als alternatief glijmiddel.;Nee;Opperhuid, rafelig gesneden. Visvlees melkachtig wit met gele en roze verkleuringen. Bitter en rans. Zeer glibberig, olie loopt er gewoon uit.;4;Sterk;Goed;82;2.25;2.71;15.9;11.8;Zeer goed
118;Het Neusje van de Zalm;Molenplein 12 - Heerenveen;3;in de winkel een spontaan taallesje hoe je vijf zoute haringen in het Fries bestelt: ‘Fiif sâlte hjerring.’ Voor de termen bitter, tranig en karamel blijft de vertaling achterwege.;Nee;Aardige verkoopster, maar wat over de toonbank gaat, is prut. Ruikt naar traan. Karamel en bruin verkleurd. Ook nog bitter. Vies ding.;3.5;Gemiddeld;Zeer goed;72;2.25;3.12;8.2;12.7;Zeer goed
119;Zeevishandel Van Doornik;Verkoopwagen dagmarkt dinsdag - Gouda;3;Dergelijke verkooppunten verzieken de markt. Wie dit eet, raakt voor de rest van z’n leven geen haring meer aan. Onkunde lijkt hier de norm. Onmiddellijke bijscholing is noodzaak.;Nee;‘Vers van het mes’ staat op het reclamebord. Niets is minder waar. Van de schaal komt een muf beestje. Geel en crème verkleurd. Rans, vet, bitter.;3.5;Gemiddeld;Matig;60;2.00;3.33;9.1;9.9;Zeer goed
120;Het Neusje van de Zalm;Verkoopwagen parkeerplaats AH Tijnjeplein - Leeuwarden;3;Heeft hij een hekel aan haring of aan haringeters?. Wat doet deze verkoper zijn klanten aan? Laat hem voor straf eens zijn eigen haring opeten.;Nee;De tranige lucht bezorgt al kotsneigingen. De haring is verkleurd in veel nuances: bruin, cyclaam, zwart, donkerrood. Alleen goed voor de meeuwen.;3;Sterk;Zeer goed;80;2.25;2.81;16.5;12.5;Voldoende
121;Volendammer Visspecialist Steur;De Middend 232 a - Bovenkarspel;2.5;Stichting Wakker Dier zou er een punt van moeten maken dat de Clupea harengus ook na zijn dood niet mag worden mishandeld. Want daar is deze detaillist wel mee bezig.;Nee;Aan de haring hangt moeilijk te definiëren metalige lucht. Bruin en cyclaam verkleurd. Bitter en rans, mond vol klef visvlees. Redelijk walgelijk.;3.5;Gemiddeld;Matig;71;2.00;2.81;10.4;10.6;Goed
122;Jumbo;Hadewychplaats 32 - Spijkenisse;2.5;Mede door hun prijsstelling zijn de supermarkten de grootste haringverkopers van het land. Treurig dat zij met hun wanproducten ook een smaaknorm neerzetten.;Nee;Speciaal voor u vandaag in de aanbieding: gele haringpasta. Oftewel, rans, rans en nog eens rans. Vieze plakkers met de kleur van een lijk.;3;Sterk;Goed;65;2.69 (2);2.07;8.6;8.7;Voldoende
123;Vishandel Adrie;Verkoopwagen Vogelplein - Amersfoort;2;Cowboys zijn en blijven het. Het is dit soort verkooppunten dat (een deel van) de ambulante handel een slechte naam bezorgt. Op deze manier ga je niet met levensmiddelen om. Weg hier!;Ja;Haring ziet er onaantrekkelijk uit. Graten en vuiligheid. Sterk verkleurd. Rans en bitter. Komt het meest overeen met een warme hap braakvlees.;3.5;Gemiddeld;Matig;61;2.25;3.68;12.2;11.4;Waarschuwingsfase
124;Vis & Zoer;Geldersestraat 42 - Geldermalsen;2;Onmiddellijk verplicht op haringcursus. Les 1: koop een thermometer en ga gekoeld werken. Visdetaillist geeft zichzelf een brevet van onvermogen en is een gevaar voor de klanten.;Ja;Ingewanden en graten. Slijmdraden tussen de filets. Zure en weeïge lucht geeft al indicatie over de kwaliteit. Bruin verkleurd. Tegen bederf aan.;3;Sterk;Slecht;56;2.25;4.01;16.4;9.1;Goed
125;Coop Hof van Delft;Hof van Delftlaan 69-75 - Delft;2;Op het etiket: ‘Na openen de haring 10 tot 15 minuten laten staan om de smaak tot zijn recht te laten komen.’ Dan weet de leverancier dat de ergste stank is verdwenen.;Nee;Verpakking openen is het deksel van een rioolput lichten. Verzuurd en verzoet. Ruikt ook muf. Lijkkleur met gele componenten. Rans. Oneetbaar.;2;Sterk;Goed;45;2.99 (2 stuks);3.32;2.3;7.9;Zeer goed
126;Visgilde François de Bie;Roostenlaan 67 - Eindhoven;2;Detaillist wil de haring goed koud meegeven. Maar als een haring rans is geworden, helpt terugkoelen niet. Probeer vers van het mes te werken op een gekoelde snijplank.;Nee;Wat is dit vies! Het begint met een afwijkende geur (tenenkaas?) en eindigt even later met een bek vol levertraan. Ook nog eens erg bitter en muf.;2;Gemiddeld;Goed;64;2.75;4.29;3.6;7.8;Zeer goed
127;Vispaleis Koelewijn;Vlijtseweg 184 - Apeldoorn;1.5;Schitterende winkel als onderdeel van nieuwe Dekamarkt. Waarom dan dit? Uit nonchalance? Ernstige aanval van bedrijfsblindheid. Doet er ook niet toe, maar doe er iets aan!;Nee;Afgezien van wat huid keurig schoongemaakt. Te lang op te hoge temperatuur laten liggen, is vragen om problemen. Nu niet te eten. Rans.;2.5;Sterk;Goed;59;2.00;3.38;10.2;9.0;Zeer goed
128;Vishandel Timmerman;Verkoopwagen Petuniaplein - Zwolle;1.5;Eigenaar ziet testteam en komt praatje maken. Geeft ruiterlijk toe dat hij helemaal fout zit: ‘Ik was nog aan het opstarten en wat moet je anders?’ Probeer het eens met frisse haring.;Nee;Dit was ooit een goede haring. Wordt met de handen beetgepakt. Is een exemplaar van vorige dag. Grauw, bruin, cyclaam, klef, rans en olie. Bah!;2;Gemiddeld;Matig;61;1.85;3.03;4.5;13.2;Zeer goed
129;Vishandel Bezuidenhout;Theresiastraat 163 - Den Haag;1.5;Telkens als je met zulke troep wordt geconfronteerd, slaat de verbijstering toe. Wie gaat nu zo met levensmiddelen om? Die spot met de gezondheid van klanten.;Nee;Een prutsertje: ingewanden, vuil van de snijplank en vooral veel graten. Bruine chocoladerepen. Rans, bitter en metalig. Tegen bederf aan.;2;Sterk;Slecht;69;1.75;2.53;7.2;7.7;Zeer goed
130;Enkhuizer Vishal;Tussen Twee Havens 7 - Enkhuizen;1.5;Keurmeester vraagt aan twee toeristen die net haring uit dezelfde schaal hebben gekocht hoe deze smaakt. ‘Heerlijk’, is het antwoord. Keurmeester: ‘Ik vecht als Don Quichot.’;Nee;De haring in de vitrine oogt ronduit walgelijk. Te zien is dat hij niet zal smaken. Dat klopt. Zeer bitter en smerig rans. Heel snel uitspugen.;2;Sterk;Slecht;68;2.25;3.30;7.9;9.1;Zeer goed
131;Oppidium Heinen Vis;Groningerstraat 166 - Amersfoort;1.5;Als je een viszaak opent, zet je toch je beste beentje voor. Zou je denken. Hier niet. Ga zo door en het is niet moeilijk te voorspellen dat de deuren over niet al te lange tijd weer dichtgaan.;Ja;De eerste sporen van bederf zijn al in de geur waarneembaar. Kleur en smaak zijn niet veel beter. In één woord te omschrijven: rotzooi.;2;Sterk;Matig;48;1.75;3.64;9.9;8.3;Zeer goed
132;Fieret’s Vishandel;Kaai 18 - Sluis;1;Schitterende winkel met een magnifiek assortiment. En dan zo door de mand vallen met je Hollandse Nieuwe. Gevalletje bedrijfsblindheid? Want dit lijkt helemaal nergens op.;Nee;Visvlees heeft een uitgesproken lijkkleur. Ook geel en crème verkleurd. Olie en vet met een zeer zalvige structuur. Kortom, een heel vies ding.;3;Sterk;Goed;66;1.75;2.65;14.8;9.0;Slecht
133;Vishandel ‘de Goeie Ouwe Tijd’;De Loper 81 - Vlaardingen;0.5;Het oogt hier allemaal niet bijster schoon. Pakt haring met de handen beet, draagt een ring, vieze kleding. Is dit gebrek aan kennis of gewoon desinteresse?;Nee;‘Wat een preutenlucht’, roept de keurmeester spontaan. Vlezige haring, zwart verkleurd, tegen bederf aan. Huid, graten en ingewanden. Bah.;2;Sterk;Matig;65;1.75;2.69;11.9;10.8;Zeer goed
134;Visparadijs R. Emons;Frankenstraat 45 - Maastricht;0.5;Provinciaal winnaar van de Kibbeling Cup kan beter van de haring afblijven. Wat een gestuntel en geklungel. Hier schieten de tranen in je ogen. De keurmeesters kokhalzen.;Ja;Haring uit een emmer die een dagje te lang heeft gestaan. Geen vork gebruikt en te hoge temperatuur. Rans, slijmdraden en muf. Getver!;2;Sterk;Goed;49;2.20;4.48;13.6;11.8;Zeer goed
135;De Viszaak;Traaij 6 - Driebergen;0.5;De verschoten en vervuilde deurmat met het embleem 'Visgilde' herinnert aan de tijd dat hier nog een echte visdetaillist was gevestigd. Dit heeft meer weg van afvalverwerking.;Nee;Jakkes! Moeten we dit proeven? Afwijkende vislucht. Zit tegen bederf aan. En dan die temperatuur! Bruine chocoladerepen vermomd als haring.;1.5;Sterk;Matig;62;2.20;3.49;15.1;12.3;Goed
136;Vishandel Kees Nobel;Verkoopwagen Vlietplein - Ridderkerk;0;Dit soort verkopers is een aanfluiting voor het vak. Hier wil je geen klant zijn. Wijk uit naar een echte viswinkel. Laat Nobel iets goeds doen voor de mensheid en de zaak sluiten.;Nee;Haring die je alleen aan de meeuwen kunt voeren. Geel, zwart, cyclaam en bruin. Ruikt en smaakt tranig. Tegen bederf aan. Gewoon rotzooi.;1;Sterk;Slecht;66;1.95;2.86;7.1;13.3;Waarschuwingsfase
137;De Spakenburgse Visspecialist;Verkoopwagen Landbouwstraat - Winterswijk;0;Verkoopster tegen AD: ‘Goed dat u een koeltas bij u heeft, want het is bederfelijke waar.’ Handel daar dan ook naar! Het beste advies dat er te geven is: doe de klep naar beneden!;Nee;Pakt haring met de handen beet. Alhoewel, haring? Iets zachts en blubberigs wat daar op lijkt. Stopverf, snot, rans, niet te eten. Jakkes!;1;Sterk;Matig;54;2.25;4.16;8.2;8.6;Zeer goed
138;Visspecialiteiten Tom Brummel;Verkoopwagen Linie - Apeldoorn;0;Startende ondernemer werkt zichzelf lelijk in de nesten. Oké, het was buiten warm, maar dit kan echt niet. Haring van 14 graden is vragen om problemen. Leer van deze ervaring.;Nee;Warme haringpap waarvan je kippenvel op je armen krijgt. Doorgerijpte haring ruikt naar oude kaas, maar dit is tenenkaas. Oneetbaar.;1;Sterk;Slecht;65;2.25;3.46;14.3;12.8;Zeer goed
139;Plus Wensveen;Dorrestein 21 - Nieuwerkerk a/d IJssel;0;Het blijft de vraag waarom een bonafide supermarktondernemer zijn naam te grabbel gooit door zijn klanten deze rotzooi voor te zetten. Alleen voor een paar centen?;Nee;Alleen de temperatuur is in orde, voor het overige deugt er helemaal niets. Kleeft, stinkt, in alle kleuren van de regenboog. Oneetbaar, bagger.;0;Bedorven;Matig;63;2.99 (2);2.37;3.8;5.4;Zeer goed
140;Albert Heijn;Stadsbrink 375 - Wageningen;0;Keurmeester cynisch: ,,Een topprestatie om op de eerste dag van het seizoen zo’n slecht product te leveren.’’ De kwaliteitsmensen van AH zouden zich heel diep moeten schamen.;Nee;Putlucht, papperige zachte troep. Chemisch en fysisch bederf met nog drie dagen tot de THT-datum. De zoveelste haringmisser van onze grootgrutter.;0;Bedorven;Goed;65;1.79 (2 stuks);1.37;6.1;12.2;Zeer goed
141;Vishandel Smeets-Jonk;Verkoopwagen weekmarkt woensdag Kerkstraat - Born;0;Het is 09.30 uur en de volle schalen visafval, sorry haring, kunnen zo de vuilnisbak in. Heeft deze visdetaillist enig idee waarmee hij bezig is? Gelet op wat hij doet waarschijnlijk niet.;Nee;Graten, smurrie en anaalvin. Haring van de vorige dag gepresenteerd op verse sla. Een doodzonde! Rans. Geel en cyclaam verkleurd. Oneetbaar!;0;Sterk;Slecht;69;1.75;2.53;6.5;10.6;Waarschuwingsfase
142;Aldi;Muldershof 35 - Zevenaar;0;Gevraagd naar waar zij hun lekkerste haring kopen, antwoorden veel lezers: ‘de Aldi.’ Niet onze ervaring, maar misschien heeft het AD jaar in jaar uit wel buitengewoon veel pech.;Nee;Dit stinkt! Zuur en zwavel. Graten en smurrie. Verkleuringen van bruin, cyclaam tot bijna zwart. Braakneigingen. Goedkoop en veel te duur.;0;Bedorven;Matig;68;1.69(2 stuks);1.24;8.1;11.2;Zeer goed
143;EM-TÉ;Krispijnseweg 68 - Dordrecht;0;Na slechte resultaten vorig jaar beloofde EM-TÉ beterschap. Daar lijkt weinig van terechtgekomen. Wat maakt het ook uit? De gemiddelde consument slikt het en klaagt niet.;Nee;Haring meurt de verpakking uit. Kleurvariaties in geel, cyclaam en zwart. Volledig bedorven. En dat twee dagen voor de THT-datum. Ziekmakend.;0;Bedorven;Matig;73;2.00 (2);1.28;8.2;10.7;Waarschuwingsfase
144;Vis van Lon;Dorpsstraat 101 - Zoetermeer;0;Pakt de haring met de handen beet. Temperatuur is te hoog. Bedorven haring wordt niet herkend, maar voor 2 euro per stuk verkocht! Het is wel duidelijk wat het niveau hier is.;Nee;Zodra de verpakking opengaat, is duidelijk hoe laat het is. Het meurt. Veel graten en smurrie. Geel, cyclaam en bij de staart zwart verkleurd.;0;Bedorven;Matig;61;2.00;3.27;9.2;10.2;Goed
145;Arie’s Visboetiek;Leyweg 183 - Den Haag;0;De spreuk: ‘Geen larie, voor het beste naar Arie.’ Complete onzin. Maar nog niet zo slecht als wat Arie aan haring te koop heeft. Totale onkunde op vele aspecten.;Nee;Lekker op elkaar liggend blijft de warmte er goed in. Stinkt, zwart verkleurd. Zuur, muf. Uitbater: ‘Bedorven? Kan niet. Is net schoongemaakt.’ Flauwekul.;0;Bedorven;Slecht;57;1.75;3.07;12.5;9.4;Goed
146;Erasmus Viscenter;Kaai 1 - Breskens;0;Chagrijnige, onvriendelijke verkoopster kijkt pislink als zij op haar bedorven waar wordt aangesproken. Onbegrijpelijk dat zo iemand zich met levensmiddelenverkoop mag bezighouden.;Nee;Vijf lagen dik ligt de voorgesneden haring te broeien. Chemisch en fysisch bedorven. Bagger, een ander woord is er niet. Driewerf schande!;0;Bedorven;Matig;71;2.00;2.81;18.9;9.0;Slecht
147;Lidl;De Spinne 46 - Goes;0;Norm voor ‘poepbacteriën’ vele malen overschreden. Met een Hollandse Nieuwe heeft dit helemaal niets te maken. Lidl onwaardig. Arme klanten.;Nee;Pas nadat de verpakking geruime tijd open heeft gestaan, verdwijnt de ergste putlucht. Grauw, bruin. Slijmdraden. Vieze klevers. Oneetbaar.;0;Bedorven;Matig;61;2.49 (2);2.04;5.2;9.3;Afgekeurd
148;Ruisvis;Verkoopwagen dagmarkt vrijdag Statenplein - Dordrecht;0;‘Zak toch in de stront’, reageert een verontwaardigde keurmeester als hij de verpakking opent. Eigenlijk zou je zo’n verkoper moeten dwingen zijn eigen product te eten. Misschien helpt dat.;Nee;08.30 uur en Ruisvis geeft zijn visitekaartje af. De haring ziet geel, zwart, bruin en cyclaam. Stinkt. Niet meer geschikt voor menselijke consumptie.;0;Bedorven;Goed;87;2.25;2.58;11.1;6.9;Afgekeurd
