name;address;eindcijfer;conclusie;vers_van_het_mes;beroodeling;cijfer;rijping;schoonmaak;gewicht;prijs_per_stuck;prijs_per_100g;temp;vet_percentage;micro;unique_id;vollaard_id
Vishandel Nieuwland;Zonnewijzer 14 - Amersfoort;7.5;Eigenaar Jeroen Tuijp komt er openlijk voor uit dat het runnen van een viswinkel in een veranderende wijk moeite kost. Toch kijkt hij met optimisme naar de toekomst.;Ja;"Teruglopende omzet is ook terug te zien in de haring die over de toonbank gaat. De haring zit langer in de emmer; wordt dus zachter enzovoort.";7.5;Gemiddeld;Zeer goed;63;2.20;3.49;3.3;18.1;Zeer goed;16_056;1
Vishandel Volendam;Godebaldkwartier 80 - Utrecht;8.5;Bekende viswinkel is een oase in de steenwoestijn van het Godebaldkwartier. Met iets zorgvuldiger werken valt hier nog wel enige winst te behalen. Moet te doen zijn.;Ja;Ingewanden. Graten. Opperhuid. Het schoonmaken heeft een hoog Franse-slag-gehalte. Vette haring maar nog wel mals en zilt en romig. Prima.;8.5;Gemiddeld;Matig;76;2.30;3.02;4.1;15.3;Zeer goed;16_032;2
Visspecialist Bonito;Verkoopwagen Hobbemastraat - Maassluis;7.0;Door het langdurig schoonmaken loopt de temperatuur op. Dat kan iets zijn om op te letten. Verkoper klaagt over de gemeente die hem geen andere standplaats wil verstrekken.;Ja;Verkoper herkent de keurmeester en pakt toch maar een nieuwe emmer. Geen bezwaar. Frisse haring die al iets is verkleurd. Hartig en iets gerijpt.;7.5;Gemiddeld;Goed;58;1.80;3.1;9.8;5.9;Goed;17_065;3
Vishandel Gundlach;Groenelaan 73 - Schiedam;6.5;Vriendelijke verkoper vertelt hoe de Gundlachs eeuwen geleden als glasblazers naar Schiedam kwamen. En hij zit in de vis. Beheersing van temperatuur is puntje van aandacht.;Ja;Het schoonmaken is best in orde. Ook in de geur geen afwijkingen. Wel weer die karamelverkleuring. Iets doorgerijpt en vettig. Toch niet onaardig.;7.5;Gemiddeld;Goed;60;2.00;3.33;10.4;13.1;Zeer goed;17_074;4
Erasmus Viscenter;Kaai 1 - Breskens;0.0;Chagrijnige, onvriendelijke verkoopster kijkt pislink als zij op haar bedorven waar wordt aangesproken. Onbegrijpelijk dat zo iemand zich met levensmiddelenverkoop mag bezighouden.;Nee;Vijf lagen dik ligt de voorgesneden haring te broeien. Chemisch en fysisch bedorven. Bagger, een ander woord is er niet. Driewerf schande!;0.0;Bedorven;Matig;71;2.00;2.81;18.9;9.0;Slecht;17_146;5
Visspecialist Sluizeman;Baronie 90 - Alphen a/d Rijn;8.97;Meedraaien in de bovenste regionen is het bedrijven van topsport. Dan komt het aan op de kleinste punten. Sluizeman heeft zich de afgelopen jaren uitstekend ontwikkeld. Hulde.;Ja;Heerlijke haring, maar ook hier zijn de nog aanwezige kopgraten het struikelblok. Doodzonde. Was op smaak beslist in de top 10 geëindigd.;8.97;Licht;Goed;72;2.25;3.12;0.4;14.1;Zeer goed;17_016;6
The Haddock Fish & Chips;Nieuwe Oosterstraat 1e - Leeuwarden;6.0;"In 2015 nog de beste van Friesland; nu toch een tikkeltje teleurstellend. Scherper zijn op wat wordt aangeleverd en nog kritischer op eigen traject. Dan komt het (weer) goed.";Ja;Ingewanden en smurrie. Het rijpingsproces is te ver gevorderd om nog te kunnen spreken van fris en romig. Zacht en verkleurd visvlees. Beetje klef.;6.5;Sterk;Matig;73;2.00;2.73;8.0;13.6;Zeer goed;16_080;7
EM-TÉ;Krispijnseweg 68 - Dordrecht;0.0;Na slechte resultaten vorig jaar beloofde EM-TÉ beterschap. Daar lijkt weinig van terechtgekomen. Wat maakt het ook uit? De gemiddelde consument slikt het en klaagt niet.;Nee;Haring meurt de verpakking uit. Kleurvariaties in geel, cyclaam en zwart. Volledig bedorven. En dat twee dagen voor de THT-datum. Ziekmakend.;0.0;Bedorven;Matig;73;2.00 (2);1.28;8.2;10.7;Waarschuwingsfase;17_143;8
Tijger & De Vis;Lindengracht 158 h - Amsterdam;6.5;Met een eigen assortiment wil Tijger & De Vis zich onderscheiden van andere viszaken. Dat is een mooi streven. Kan wat scherper qua werkwijze. Laat bijvoorbeeld temperatuur niet oplopen.;Ja;Jonge, enthousiaste ondernemer loopt haring met een pincet na om alle graten te verwijderen. Haring is mals, hartig, zacht en doorgerijpt.;7.5;Gemiddeld;Zeer goed;79;3.00;3.79;10.3;11.2;Voldoende;17_073;9
Vishandel Jack de Scheveninger;Verkoopwagen Graaf Florisplein - ’s-Gravenzande;6.5;Vooral bij een verkoopwagen blijft het toch altijd een beetje een gok wat je gaat tegenkomen. Geen onvoldoende is het niet, maar tegen een keertje overslaan zal ook niemand bezwaar maken.;Ja;Haring oogt fris, maar ziet er beter uit dan hij zal smaken. Aan de zoute kant, sterke pekelsmaak en sterk doorgerijpt. Je moet ervan houden.;6.5;Sterk;Goed;58;1.95;3.41;6.7;11.8;Goed;17_081;10
De Visarend;Schoolstraat 73 - Voorschoten;6.0;Buiten in een haringkar Hollandse nieuwe verkopen staat misschien leuk maar brengt ook risico's voor het product met zich mee. De Visarend ontsnapt de dans nog net.;Ja;Schoonmaken moet beter want graten en rafelig gesneden. Al iets gefermenteerd. Zacht visvlees met een bittere nasmaak. Olie overheerst.;6.0;Gemiddeld;Matig;62;2.00;3.22;3.9;12.4;Zeer goed;16_082;11
Visspecialist Struik;Verkoopwagen vrijdag Maenstand - Ouderkerk aan den IJssel;9.03;Daan Struik verbaast vriend en vijand. Aan hem nu de beslist niet gemakkelijke opdracht om dit niveau vast te houden. Dat zal moeilijker zijn dan hij waarschijnlijk vermoedt.;Ja;Dit is gemakkelijk beoordelen: alles is zeer goed. Een uiterst aangename verrassing. Hollandse nieuwe waarvoor je naar de standplaats rijdt.;9.03;Gemiddeld;Zeer goed;65;2.10;3.23;-0.9;14.7;Zeer goed;16_010;12
Visspecialist Sluizeman;Baronie 90 - Alphen aan den Rijn;9.5;Een paar jaar geleden liepen Jack en Angelique Hendriks het haringvirus op en sindsdien verbeteren zij zich alleen maar. Voor het tweede jaar in de top 10. Mooie prestatie!;Ja;De hele rij bekende steekwoorden kan hier moeiteloos worden ingevuld: Fris. Mals. Zilt. Romig. Zilver. Blank. Witte speklaag. Glanzend. Top.;9.5;Gemiddeld;Zeer goed;78;2.25;2.88;4.3;9.0;Zeer goed;16_008;13
Vishandel De Zeemeeuw;Meeuwenlaan 136 - Amsterdam;6.5;De Zeemeeuw mag dan een prima haring serveren, met een dergelijke slordige manier van werken is het gewoon wachten op het komende bedrijfsongeval. Bederf ligt op de loer.;Nee;Puur op smaak kan deze Nieuwe er wel mee door. Bedrijfsmatig gaat het om de details. Geen vork gebruikt, temperatuur veel te hoog.;8.0;Gemiddeld;Goed;77;2.50;3.24;12.9;9.4;Zeer goed;17_071;14
Vishandel Andaluce;Eerste Middellandstraat 21b - Rotterdam;7.0;Andaluce is een viswinkel met een goede naam. Maar op het gebied van omgaan met haring zijn er zeker nog verbeteringen denkbaar. De leverancier zou daarbij kunnen helpen.;Ja;Rommelig schoongemaakt: graten en ingewanden en vuil van de plank. Emmer in ijs maar warmte komt ook vanboven. Daardoor zacht en belegen.;7.0;Sterk;Matig;65;1.85;2.84;4.7;13.7;Zeer goed;16_068;15
Visspeciaalzaak Aan de Kant;Molendijk 20 - Oud Beijerland;4.0;Klant met hoge nood vraagt of hij van het toilet gebruik mag maken. Dat mag niet. Die vriendelijke' attitude vind je terug in de wijze waarop met de haring wordt omgesprongen.;Nee;Vuil van de plank. Ruikt vissig en tranig en belegen. Heeft te lang gelegen. Zuivere smaak is verdwenen. Vettig en rans. Gen plezier aan te beleven.;4.0;Sterk;Matig;57;1.90;3.33;5.2;8.8;Voldoende;16_109;16
Fish & Chips;Markt 39 - Middelburg;6.5;De echte liefhebber van Hollandse nieuwe zal waarschijnlijk niet veel ophebben met een dergelijk adres. Waarschijnlijk loont het de moeite te investeren in kennis en kunde.;Ja;Rafelig gesneden. Aan binnenzijde donkerrood en bruin verkleurd. Al flink doorgerijpt. Prima haring voor op een broodje. Uitje erbij en genieten.;7.0;Sterk;Matig;71;1.95;2.74;7.8;13.8;Zeer goed;16_075;17
Urker Vishandel Van Slooten;Slotplantsoen 3 - Meppel;9.0;Eigenaar Johan van Slooten moet dankzij een afgescheurde achillespees al het werk aan het personeel overlaten. Wellicht geeft deze uitslag toch reden tot een klein feestje. Want het wordt druk.;Ja;En dan vind je in het noorden ineens een verborgen gebleven pareltje. Haring heeft alles wat erop en eraan moet zitten. Gewoon smullen.;9.0;Gemiddeld;Zeer goed;67;2.00;2.98;6.7;12.0;Zeer goed;17_013;18
Vishandel Peter Tol;Oostelijke Handelskade 1041–1045 - Amsterdam;8.5;De verzorgde winkel (en dito personeel) van Peter Tol is een lust voor het oog. Het lijkt allemaal zo simpel, maar hier wordt achter de schermen overduidelijk hard gewerkt.;Ja;Een Hollandse Nieuwe zoals je hem graag ziet. Nog enigszins romig en zilt. Hier pak je graag een tweede exemplaar bij de staart. Lekker!;9.0;Licht;Zeer goed;72;2.50;3.47;8.9;11.5;Goed;17_028;19
Visspecialist Van Lopik;Piazza Center 27 - Gorinchem;8.0;Als enige viswinkel in Gorinchem is Van Lopik al vele jaren een vast gegeven in de Haringtest. Scoort altijd minimaal ruim voldoende en dat is op zich een nette prestatie.;Ja;Hier weten ze hoe je haring schoonmaakt. Zowel vanbinnen als vanbuiten ziet het beestje er uitstekend uit. Smaak iets minder maar wel goed.;8.0;Licht;Zeer goed;55;1.95;3.54;5.1;11.3;Zeer goed;16_046_17_042;20
Vishandel Timmerman;Verkoopwagen Petuniaplein - Zwolle;1.5;Eigenaar ziet testteam en komt praatje maken. Geeft ruiterlijk toe dat hij helemaal fout zit: ‘Ik was nog aan het opstarten en wat moet je anders?’ Probeer het eens met frisse haring.;Nee;Dit was ooit een goede haring. Wordt met de handen beetgepakt. Is een exemplaar van vorige dag. Grauw, bruin, cyclaam, klef, rans en olie. Bah!;2.0;Gemiddeld;Matig;61;1.85;3.03;4.5;13.2;Zeer goed;17_128;21
De Graaf’s Visspecialiteiten;Westwal 6 - Leerdam;9.7;Wouter en Monica de Graaf hebben zich de laatste jaren vastgebeten in de Hollandse Nieuwe. Dat kost inspanning, maar hun vakmanschap levert ze deze toppositie op.;Ja;Weer een toppertje. Terecht dat steeds meer klanten de weg naar deze winkel weten te vinden. Mals, zilt en romig. Scoort op alle punten.;9.7;Licht;Zeer goed;73;2.35;3.21;4.6;10.3;Zeer goed;17_004_16_030;22
Volendammer Visspecialist Tom Tuijp;Middenburcht 7 - Vleuten;8.97;Ook Tom Tuijp viel al menigmaal in de prijzen. Eindigt nu niet in de top 10, maar de verschillen in de bovenste regionen zijn marginaal. Vrij naar Nicolaas Klei: omfietsharing.;Ja;Een van de keurmeesters proeft een klein bittertje, maar voor de rest een prima haring. Ook zilt en iets romig. Fris en blank visvlees.;8.97;Gemiddeld;Zeer goed;72;2.30;3.15;4.1;10.4;Goed;17_023_16_004;23
Coop Hof van Delft;Hof van Delftlaan 69-75 - Delft;2.0;Op het etiket: ‘Na openen de haring 10 tot 15 minuten laten staan om de smaak tot zijn recht te laten komen.’ Dan weet de leverancier dat de ergste stank is verdwenen.;Nee;Verpakking openen is het deksel van een rioolput lichten. Verzuurd en verzoet. Ruikt ook muf. Lijkkleur met gele componenten. Rans. Oneetbaar.;2.0;Sterk;Goed;45;2.99 (2 stuks);3.32;2.3;7.9;Zeer goed;17_125;24
Vis & Zoer;Geldersestraat 42 - Geldermalsen;2.0;Onmiddellijk verplicht op haringcursus. Les 1: koop een thermometer en ga gekoeld werken. Visdetaillist geeft zichzelf een brevet van onvermogen en is een gevaar voor de klanten.;Ja;Ingewanden en graten. Slijmdraden tussen de filets. Zure en weeïge lucht geeft al indicatie over de kwaliteit. Bruin verkleurd. Tegen bederf aan.;3.0;Sterk;Slecht;56;2.25;4.01;16.4;9.1;Goed;17_124;25
Vishandel Sontplein;Sontplein 3 - Groningen;5.5;Vrolijk stel hardwerkende vrouwen houdt de vaart en de stemming erin. Iets meer aandacht voor waar zij mee bezig zijn, zal de kwaliteit wel ten goede komen. Beetje kantje boord.;Ja;Haring beetpakken met de handen kost 0,5 punt. Slordig schoongemaakt: graten, vuil van de snijplank, ingewanden. Smaak: een bek vol mayonaise.;6.5;Gemiddeld;Matig;68;2.00;2.94;8.9;14.2;Zeer goed;17_090;26
Hollander's Nieuwe;Drachtsterweg 7 - Leeuwarden;6.5;Ook hier lijkt het een kwestie van bewustwording en puntjes op de i zetten. Een goed intern protocol kan daarbij een hulpmiddel zijn. Dat geeft iets om op terug te vallen.;Ja;Graten en smurrie. Even attentie! Omdat de temperatuur te hoog is wel een mooie glans. Belegen geur die terugkomt in de smaak. Zacht en vet.;7.0;Sterk;Matig;76;2.00;2.63;8.9;12.8;Zeer goed;16_076;27
Spakenburgse Visspecialist Arjan Pastoor;Molenstraat 21 - Rhenen;8.0;Pastoors doet zichzelf een groot plezier met dit resultaat. En nog belangrijker: zijn klanten ook. Doel voor de komende jaren kan zijn steeds een half puntje hoger te scoren.;Ja;Zilver aan de buitenzijde met mooie speklaag. Ook vanbinnen fris en transparant. Nog iets mals, zilt en romig. Kan er absoluut me door.;8.0;Licht;Zeer goed;61;2.25;3.68;5.1;7.5;Zeer goed;17_043;28
Grootveld Visspecialiteiten;Koningin Julianaplein 267a - Voorburg;9.0;Als een detaillist weet hoe hij deze kwaliteit haring moet behandelen ligt een hoog cijfer al snel in het verschiet. Grootveld grijpt zijn kans en scoort. Keurig gedaan.;Ja;Weer een haring die alles heeft om ook de kritische klant tevreden de deur te laten uitgaan. Goed schoongemaakt. Ruikt en oogt lekker. Smaakt prima.;9.0;Gemiddeld;Zeer goed;64;2.20;3.43;5.6;12.6;Zeer goed;16_024;29
Volendammer Visspecialist Steur;De Middend 232 a - Bovenkarspel;2.5;Stichting Wakker Dier zou er een punt van moeten maken dat de Clupea harengus ook na zijn dood niet mag worden mishandeld. Want daar is deze detaillist wel mee bezig.;Nee;Aan de haring hangt moeilijk te definiëren metalige lucht. Bruin en cyclaam verkleurd. Bitter en rans, mond vol klef visvlees. Redelijk walgelijk.;3.5;Gemiddeld;Matig;71;2.00;2.81;10.4;10.6;Goed;17_121;30
Vishandel Peter Nuninga de Haringspecialist;Verkoopwagen dagmarkt Grootzand - Sneek;8.5;"Nuninga heeft een prima haring onder handen. En hoewel dat in een verkoopwagen extra moeilijk is; blijft bewaking van de temperatuur belangrijk. Voor de rest gewoon prima.";Ja;Goed schoonmaken is het halve werk. Zilver en glanzend. Segmenten aan buitenzijde zichtbaar. Vanbinnen beetje bruin. Nog iets zilt en romig.;9.0;Gemiddeld;Zeer goed;55;2.00;3.63;8.1;13.0;Zeer goed;16_027;31
Vishandel Nick;Markt 8 - Druten;8.5;Nick wilde graag weten ‘waar hij staat’ en geeft zichzelf op voor de test. Hij hoeft zich geen zorgen te maken. Haal alle graten weg en een nog hogere score ligt binnen handbereik.;Ja;Misschien waren het de zenuwen, maar hier zijn echt veel te veel graten achtergebleven. Voor de rest best wel een smakelijke Nieuwe.;8.5;Gemiddeld;Matig;79;2.50;3.76;4.2;12.6;Goed;17_030;32
Haringkraam Miep Hoeben;Stationsstraat / Smallepad - Bergen aan Zee;7.0;De kraam van Miep Hoeben is al 100 jaar een begrip in Bergen. Met het haringlied over de luidsprekers en korenwijn en een vrolijk praatje voor iedereen een unieke belevenis.;Ja;Op een stukje opperhuid na goed schoongemaakt. Ruikt fris. Het rijpingsproces is al gevorderd en dat proef je ook. Maar zeker niet onaangenaam.;8.0;Sterk;Goed;75;2.50;3.33;8.9;14.5;Waarschuwingsfase;16_063;33
Vishandel De Klok;Herenstraat 43 - Voorhout;7.5;De Klok heeft een trouwe klantenkring die het bedrijf massaal voor deelname aan de test aanmeldde. Deze haring verdient helaas echter niet de loftrompet.;Ja;"Keurige middenmoter. De beste smaakeigenschappen zijn verdwenen; het rijpingsproces is flink op gang. Geen echt negatieve eigenschappen.";7.5;Gemiddeld;Zeer goed;62;2.00;3.22;2.9;12.7;Zeer goed;16_054;34
Vis Enzo;Tongelresestraat 270 a - Eindhoven;3.5;Deze visdetaillist heeft misschien van huis uit wat minder met haring. Hij blijkt in elk geval wel in staat om een ooit goede haring vakkundig om zeep te helpen.;Nee;De geur is de eerste indicatie en even later bevestigen de smaakpapillen het: zo rans als de pest. Bruin, muf en vettig. Waar is die afvalbak?;4.5;Gemiddeld;Goed;65;2.25;3.46;14.5;9.1;Voldoende;17_113;35
Vishandel gebroeders Van Zuilen & Zn;Winthontlaan 10 - Utrecht;2.5;Als klant voel je je terecht genomen. Normaal geldt de regel dat je pas weet hoe een haring smaakt als je hem proeft. Hier weet je op voorhand dat het verschrikkelijk zal zijn.;Nee;Mogen we overslaan? De haring ligt te glimmen in de vitrine en wordt met de handen beetgepakt. Geel en cyclaam verkleurd. Rans. Vet. Wee. Muf.;4.5;Sterk;Goed;60;2.25;3.75;13.6;13.6;Waarschuwingsfase;16_114;36
Vishandel ’t Dolfijntje;Ring 5 - Burgh-Haamstede;3.5;Burgh-Haamstede is in de zomer natuurlijk één grote toeristenfuik. ’t Dolfijntje zal denken dat kwaliteit er niet toe doet als je die klanten toch nooit meer terugziet. Tja…;Ja;Graten en een te lange hoofdgraat. Personeel staat te eten achter de snijplank. Geen vork gebruikt. Donkerbruin, bitter, rans en metaalsmaak.;5.0;Gemiddeld;Matig;66;2.00;3.03;12.9;8.7;Zeer goed;17_110;37
Vishandel Schuur;Poststraat 36 - Wildervank;3.5;Zelfs na het bezoeken van honderden viswinkels kun je in een flits worden getroffen door de treurigheid van het leven. Wat een armoede. Hiermee een bestaan opbouwen? Knap.;Nee;"De haring glimt je tegemoet; meestal een slecht teken. Blubberige massa. Bruin en cyclaam verkleurd. Vet hapje, glijdt soepel naarbinnen.";5.0;Gemiddeld;Goed;63;2.00;3.17;13.9;7.3;Waarschuwingsfase;17_111;38
Vishandel Bert Blokhuis;Verkoopwagen zaterdag parkeerterrein Lage Engweg - Putten;8.0;Verkooppunt dat hier een beetje uit de loop staat. Dat de klanten Blokhuis toch in groten getale weten te vinden zegt iets over de naam die hij inmiddels heeft opgebouwd.;Ja;Haring ziet eruit om door een ringetje te halen. Toch zijn de eerste verkleuringen al zichtbaar. Gerijpte smaak. Op zich helemaal niets mis mee.;8.0;Gemiddeld;Zeer goed;65;2.00;3.07;3.2;15.5;Zeer goed;16_044;39
EMTE;Hofvijver 2 - s-Hertogenbosch;1.0;Je zou de inkopers van moederbedrijf Sligro moeten verplichten dagelijks twee van dergelijke kotsharingen naar binnen te werken. Wedden dat de kwaliteit dan snel verbetert?;Nee;"De haring ruikt zuur en rans. De buitenzijde karamel en bruin verkleurd; vanbinnen geel en cyclaam. Klevers die slijmdraden trekken. Verschrikkelijk.";1.0;Sterk;Goed;62;2 / 2.00;1.61;4.8;11.5;Goed;16_131;40
Vishandel Tammenga;Verkoopwagen Borgsloot - Groningen;4.0;Zelden zo’n droef verkooppunt gezien. Onverzorgd, niet schoon, en personeel waar de last van het leven vanaf straalt. Oprecht medelijden met deze ondernemers.;Ja;Schoonmaken duurt eindeloos en dan nog huid en graten. Licht- en donkerbruin verkleurd. Een mond vol vettige substantie. Haring? Bah!;5.0;Gemiddeld;Matig;64;2.00;3.12;13.9;7.9;Goed;17_106;41
Visgilde Hans Visscher;Melkmarkt 32 - Zwolle;8.5;Visgilde Hans Visscher is al vele jaren een betrouwbare vaste waarde. Altijd uiterst verzorgd een genoegen om hier binnen te lopen. Moet u ook doen als u in de buurt bent.;Ja;Frisse iets gerijpte geur. Helaas mis je het zilte en romige in de smaak. Maar zeker een Hollandse nieuwe waarvan je met volle teugen kunt genieten.;8.5;Gemiddeld;Zeer goed;66;2.10;3.18;3.6;11.9;Zeer goed;16_038;42
Visspeciaalzaak 't Visnet;Nieuwstraat 38 - Barneveld;7.0;Mooie zaak waar Hollandse nieuwe geen speerpunt is maar gewoon een van de vele producten lijkt. Geen afwijkingen maar de smaak van het echte maatje is ver weg.;Ja;Te veel graten en vuil van de snijplank. Aan de zachte structuur is te zien dat de haring lang in de pekel heeft gelegen. Iets doorgerijpt en bitter.;7.0;Gemiddeld;Matig;55;1.85;3.36;6.0;13.1;Zeer goed;16_070;43
Visgilde Teun van der Toorn;Doortocht 3 b - Bodegraven;8.97;De immer rustige Teun van der Toorn stelt nooit teleur. Vakman die de Hollandse Nieuwe tot in de toppen van zijn vingers onder controle heeft. De moeite van het omrijden waard.;Ja;Wat kan haring toch lekker zijn. Fris, je ruikt de zee. Afgezien van een tikkeltje karamelverkleuring een plaatje. Een genot om mee te maken.;8.97;Gemiddeld;Zeer goed;67;2.25;3.35;2.9;12.2;Zeer goed;17_018;44
Simonse Visspecialiteiten;Walstraat 2a - Oss;2.0;De eigenaar wringt zich in allerlei bochten om de gang van zaken te verklaren. Wellicht was het een ongelukkige samenloop van omstandigheden maar als klant koop je wel rotte haring.;Nee;De koelvitrine staat buiten in de zon. Temperatuur te hoog en dat versnelt de fermentatie. Met handen beetgepakt. Bruin en cyclaam. Smaakt rans.;3.5;Sterk;Goed;69;2.50;3.62;11.4;13.4;Goed;16_118;45
Rene’s Visspeciaalzaak;Herenhof 34 - Alphen a/d Rijn;5.0;Niet vers van het mes snijden is een keuze, maar het niet beheersen van de temperatuur in de vitrine toont gebrek aan vakmanschap. Dat ga je snel proeven.;Nee;Het schoonmaken is uitstekend gedaan, maar daarmee hebben we het wel gehad. Tranige geur komt in de smaak terug. Vet en zalvig. Iets metaal.;6.0;Sterk;Zeer goed;63;2.10;3.33;10.2;10.0;Goed;17_097;46
Van Arenthals Vishandel Kees;Geert Groteplein 11 - Alkmaar;6.5;Van Arenthals heeft in Alkmaar een goede naam, maar maakt deze niet waar. Slordigheden in de bedrijfsvoering kosten punten. Misschien tijd om de zaak eens goed door te lichten.;Ja;Haring pak je met een vork, niet met je handen. Temperatuur is ook te hoog. Nog iets fris en rood. Mals maar niet zilt en romig. Beter verwacht.;7.5;Gemiddeld;Zeer goed;68;2.20;3.23;8.9;10.9;Voldoende;17_072;47
Vishandel Schot-Bout;Turfkade - Brielle;5.0;Teleurstellend resultaat van verkooppunt dat bekendstond om zijn goede haring. Aan de (sub)top blijven is topsport. Als de aandacht verslapt, krijg je dit soort vreemde uitglijders.;Nee;Veel te veel graten om aangenaam te eten. Ruikt een beetje zuur. Al het frisse is verdwenen. Rare, afwijkende smaak. Ook bitter en metaalsmaak.;5.5;Gemiddeld;Matig;53;1.90;3.27;7.1;12.6;Zeer goed;17_100;48
Van Altena Seafood;Amstelveenseweg/hoek Kalfjeslaan - Amsterdam;5.0;De oude Van Altena, ooit wereldberoemd in Amsterdam met zijn kraam naast het Rijksmuseum en bekend om zijn fanatisme, draait zich in zijn graf om dat dit over de toonbank gaat.;Ja;Op het schoonmaken is niets aan te merken. Temperatuur is veel te hoog. Daardoor ook die olieachtige, vettige smaak. Bitter en iets metaal.;6.0;Gemiddeld;Zeer goed;74;3.00;4.05;14.2;12.5;Zeer goed;17_099;49
Visspecialist Hellevoetsluis;Struytse Hoeck 319a - Hellevoetsluis;9.0;Een paar jaar geleden zou de Visspecialist met dit eindcijfer nog in de top 10 hebben gestaan. Door de toegenomen concurrentie lukt dat nu niet. De prestatie is niet minder.;Ja;Hier wordt een mens nou blij van. Alleen maar positieve eigenschappen. Ligt er wonderschoon bij. Mals. Zilt en romig. Gewoon erg lekker.;9.0;Gemiddeld;Zeer goed;53;1.95;3.67;4.5;16.5;Zeer goed;16_021;50
Heeren van de Zee;Verkoopwagen zaterdag bij winkelcentrum Rijkerswoerd - Arnhem;8.0;Keurige verkoopwagen van waaruit jonge ondernemers met zichtbaar plezier aan de slag zijn. Exponenten van een nieuwe generatie visdetaillisten. Nu dit niveau vasthouden.;Ja;"Haring oogt fris. Maar het gevaar ligt op de loer; karamelkleuring heeft al ingezet. Goed van smaak maar het romige is verdwenen. Licht gezouten.";8.5;Gemiddeld;Zeer goed;56;1.95;3.48;8.3;8.0;Zeer goed;16_041;51
Zeevishandel Kees Heinen;Verkoopwagen dinsdag Waardenburglaan - Tiel;5.0;Verkooppunt maakt een enigszins rommelige indruk. Dat het naar rottend afval stinkt , draagt ook al niet bij tot de feestvreugde. En dan ook nog een matige haring.;Ja;Ondanks de zeer hoge buitentemperatuur slaagt Heinen erin beneden de 7 graden te blijven. Knap. Voor de rest helaas een vettige gratenbak.;6.0;Gemiddeld;Slecht;65;2.25;3.46;6.1;10.5;Slecht;17_096;52
Vishandel Vossole;1e Hogeweg 1 - Zeist;7.5;Eigenaar is het niet eens met kritische opmerkingen in verleden en lucht zijn hart. Dat mag. Communicatie is de basis voor wederzijds begrip.;Ja;"Visvlees is aan de zachte kant; hier en daar begint de bruinkleuring al. Ruikt fris en iets gerijpt. Met wat goede wil is het romige nog terug te vinden.";8.0;Gemiddeld;Goed;76;2.25;2.96;7.6;13.1;Zeer goed;16_050;53
Vishandel Smeets-Jonk;Verkoopwagen weekmarkt woensdag Kerkstraat - Born;0.0;Het is 09.30 uur en de volle schalen visafval, sorry haring, kunnen zo de vuilnisbak in. Heeft deze visdetaillist enig idee waarmee hij bezig is? Gelet op wat hij doet waarschijnlijk niet.;Nee;Graten, smurrie en anaalvin. Haring van de vorige dag gepresenteerd op verse sla. Een doodzonde! Rans. Geel en cyclaam verkleurd. Oneetbaar!;0.0;Sterk;Slecht;69;1.75;2.53;6.5;10.6;Waarschuwingsfase;17_141;54
Oppidium Heinen Vis;Groningerstraat 166 - Amersfoort;1.5;Als je een viszaak opent, zet je toch je beste beentje voor. Zou je denken. Hier niet. Ga zo door en het is niet moeilijk te voorspellen dat de deuren over niet al te lange tijd weer dichtgaan.;Ja;De eerste sporen van bederf zijn al in de geur waarneembaar. Kleur en smaak zijn niet veel beter. In één woord te omschrijven: rotzooi.;2.0;Sterk;Matig;48;1.75;3.64;9.9;8.3;Zeer goed;17_131;55
Visspecialist Pasel;Dierenriemstraat 126 - Groningen;8.0;Pasel staat al jaren bekend als de beste visdetaillist van Groningen. Maakt van een goede haring een erezaak en werkt daar hard voor. Dat betaalt zich nu niet helemaal uit.;Ja;"Huid nog ruim aanwezig. Op geur nog tikkeltje zilt. Zilver vanbuiten; transparant vanbinnen. Mist in de smaak het zilte en het romige. Dat is jammer.";8.0;Gemiddeld;Goed;71;2.25;3.16;-0.7;15.0;Zeer goed;16_043;56
Visgilde Teun van der Toorn;Doortocht 3b - Bodegraven;9.0;Na een bezoek aan de supermarkt herken je hier de meerwaarde van de echte visdetaillist. Van der Toorn is een positief uithangbord voor de gehele branche.;Ja;Hier kennen ze het geheime behandelplan van dit maatje. Houd hem koud en nog eens koud. Dan behoud je zeker de optimale smaak.;9.0;Gemiddeld;Zeer goed;63;2.25;3.3;2.6;12.0;Zeer goed;16_015;57
Vishandel Boels;Menistenplein 1 - Stadskanaal;5.5;Boels is provinciaal winnaar van de Kibbelingcup, een marketingproject van de Vereniging Nederlandse Visdetaillisten. Jammer dat hij niet meer aandacht heeft voor de Hollandse Nieuwe.;Nee;"Haringfilets kleven iets aan elkaar; niet fris. Buitenzijde karamel, vanbinnen bruin verkleurd. Vrijwel geen bite. Iets klef en olieachtig.";6.5;Gemiddeld;Goed;80;2.20;2.75;9.9;11.2;Waarschuwingsfase;17_089;58
Vishandel Anita;Textielplein 34 - Tilburg;5.5;Ook na vele jaren veldwerk blijf je je verbazen over de dagelijkse praktijk. Een visdetaillist die zo werkt, speelt met vuur. Is het desinteresse? Pure ondeskundigheid?;Nee;Een hoge temperatuur en een vette haring is geen gelukkig huwelijk. Bruin verkleurd. Nu nog redelijk van smaak, had een paar uur later anders kunnen zijn.;7.0;Gemiddeld;Goed;66;2.50;3.78;13.4;8.1;Waarschuwingsfase;17_088;59
Viswinkel De Lange;Marcelisstraat 37b - Den Haag;9.03;"Gedreven visman probeert het beste uit zijn zaak en zichzelf te halen. Levert een meer dan goede haring. Kleine zaak; lastig parkeren maar de moeite waard.";Ja;Dit is een haring waarover alleen maar in lovende bewoordingen valt te spreken. Klopt technisch en visueel en qua smaak. Wat wil je nog meer?;9.03;Gemiddeld;Zeer goed;45;2.00;4.44;5.8;11.6;Voldoende;16_012;60
Visspecialist Cees Bijlsma;Merk 23 - Workum;5.5;Tip: probeer te vermijden dat je ergens de eerste klant van de dag bent. De kans dat je wordt opgezadeld met de restjes van de vorige dag is levensgroot aanwezig.;Ja;"Te veel huid en graten. Emmertje van een dag eerder dus sterk doorgerijpt. Buitenzijde glanzend en zilver; vanbinnen bruin. Niet frisse vette hap.";5.5;Sterk;Matig;79;2.00;2.53;4.5;15.0;Zeer goed;16_086;61
Volendammer Vishandel Plat & Tol;Westwaarts 76 - Zoetermeer;7.5;"Sommige zaken hebben het; andere niet. Het lijkt hier van het toeval af te hangen welke kwaliteit haring je krijgt. Zaak geeft niet de indruk er bovenop te zitten.";Ja;"Geen topper maar ook geen uitgesproken negatieve eigenschappen. Buitenzijde al een tikkeltje karamel verkleurd; vanbinnen fris. Iets olie.";7.5;Gemiddeld;Zeer goed;76;1.95;2.56;6.9;12.7;Zeer goed;16_062;62
Zeevishandel De Botter;Hessenweg 185a - De Bilt;9.0;"De Botter presteert met zijn haring steeds beter. Waren het in het verleden steeds zesjes; nu is hij echt doorgedrongen tot de top. Dat moet nieuwe klanten opleveren.";Ja;Jarenlange inspanningen beloond. Erg goede haring. Zilte geur. Glanzend. Fris zilver en witte speklaag. Mals in de mond. Zilt en romig nog aanwezig.;9.0;Gemiddeld;Zeer goed;63;2.50;3.96;-1.4;14.0;Zeer goed;16_017;63
Volendammer Visspecialist Tom Tuijp;Middenburcht 7 - Vleuten;9.5;Tuijp heeft zich min of meer een vaste plaats in de top 10 verworven. Hij werkte zich in een paar jaar tijd op tot een van de betere viswinkels van Nederland. Fraaie prestatie.;Ja;Tom Tuijp heeft een goede hand van haring kiezen en weet ook met het visje om te gaan. Hollandse nieuwe waar je je vingers bij opeet. Geweldig!;9.5;Gemiddeld;Zeer goed;75;2.30;3.06;2.2;14.1;Zeer goed;16_004_17_023;64
Visspeciaalzaak Ans Klappe;Heidebloemstraat 57 - Nijmegen;6.0;Buurtwinkel waarvan je je als buitenstaander afvraagt hoe er een fatsoenlijke boterham is te verdienen. Zeker geen onvoldoende, maar voor de haring hoef je hier niet heen.;Nee;De haring is karamel verkleurd. Afwijkende, tikkeltje zoete lucht. In smaak geen verdere grote dissonanten. Wel aan de vettige kant.;7.0;Gemiddeld;Goed;74;2.25;3.04;7.3;10.8;Waarschuwingsfase;17_082;65
Arie’s Visboetiek;Leyweg 183 - Den Haag;0.0;De spreuk: ‘Geen larie, voor het beste naar Arie.’ Complete onzin. Maar nog niet zo slecht als wat Arie aan haring te koop heeft. Totale onkunde op vele aspecten.;Nee;Lekker op elkaar liggend blijft de warmte er goed in. Stinkt, zwart verkleurd. Zuur, muf. Uitbater: ‘Bedorven? Kan niet. Is net schoongemaakt.’ Flauwekul.;0.0;Bedorven;Slecht;57;1.75;3.07;12.5;9.4;Goed;17_145;66
Gamba Seafood;Jansstraat 31 - Arnhem;6.5;Panel hoopte weer eens een 9 of hoger te kunnen noteren. Maar met deze peperdure, uiterst matige haring maakt Gamba zijn goede naam en faam geenszins waar. Kan en moet beter.;Ja;Frisse en zilte geur is geheel verdwenen. Doorgerijpte lucht. Haringen zijn karamel verkleurd. Gerijpt en tikkeltje olieachtig van smaak. Geen top.;6.5;Gemiddeld;Goed;62;2.70;4.35;6.4;9.3;Zeer goed;17_080;67
Zeevishandel Van Doornik;Verkoopwagen dagmarkt dinsdag - Gouda;3.0;Dergelijke verkooppunten verzieken de markt. Wie dit eet, raakt voor de rest van z’n leven geen haring meer aan. Onkunde lijkt hier de norm. Onmiddellijke bijscholing is noodzaak.;Nee;‘Vers van het mes’ staat op het reclamebord. Niets is minder waar. Van de schaal komt een muf beestje. Geel en crème verkleurd. Rans, vet, bitter.;3.5;Gemiddeld;Matig;60;2.00;3.33;9.1;9.9;Zeer goed;17_119;68
Vis & traiteur Jeroen Vijverberg;Rembrandstraat 1b - Naaldwijk;4.5;Even een vieze vette bek halen bij Vijverberg' heet het hier helaas in Naaldwijk. Dit kun je toch niet aan je klanten meegeven? En er nog geld voor vragen ook!;Nee;Wel goed schoongemaakt maar voor de rest is het treurnis en droefenis. Bruin verkleurd. Donkerrood (dus bitter) bloed. Volle oliesmaak in de mond.;4.5;Sterk;Zeer goed;57;2.25;3.94;4.7;8.6;Zeer goed;16_100;69
Visspecialiteiten 't Vissertje;Mercatorplein 105 - Apeldoorn;9.0;Andre Vukkink moet in zijn eigen woorden 'het onderste uit de kan halen' om deze moeilijke haring op een fatsoenlijke manier af te leveren. Dat lukt hem echter wonderwel.;Ja;Een Hollandse nieuwe met een lekkere beet. Ziet er ook aantrekkelijk uit. Mals. Zilt en romig. Top maar mist net de finesse voor dat puntje meer.;9.0;Gemiddeld;Zeer goed;65;2.25;3.46;0.7;13.0;Zeer goed;16_016;70
Vishandel Frijters;Verkoopwagen Doormanplein - Capelle a/d IJssel;6.5;Frijters is al vele jaren in Capelle een vaste verschijning. Presteert wisselend. Scoort ook regelmatig hoger. Mogelijk iets teveel op de automatische piloot gewerkt. Weer op scherp.;Ja;Met vuil van de snijplank en graten maak je geen vrienden. Doorgerijpte haring met volle olieachtige smaak. Verder geen afwijkingen.;7.0;Gemiddeld;Matig;81;2.25;2.77;8.5;11.3;Zeer goed;17_076;71
Vishandel Volendam Kerkelanden;Kapittelweg 233 - Hilversum;4.0;Wie de restjes van de vorige dag in de vitrine legt, verdient niet beter. Doodzonde. Nieuwe, mooie winkel en dan uit verkeerde zuinigheid je naam meteen zo te grabbel gooien.;Nee;Altijd positief beginnen: goed schoongemaakt. Jammer dat de haring niet te eten is. Zwaar bruin verkleurd. Rans, bitter en metaalsmaak.;4.5;Sterk;Goed;78;2.45;3.14;6.3;9.7;Zeer goed;17_107;72
Vispaleis Westerhuis;Mello Coendersbuurt 1a - Termuntenzijl;0.0;Een reis naar het hoge Noorden voor deze smerigheid. De beoordeling doet de eindredacteur onwillekeurig denken aan de zombies van The Walking Dead.;Nee;De haring is goed schoongemaakt en dat is het enige positieve. Zoete weege putlucht. Binnenzijde cyclaam en zwartbruin en geel. Beslist oneetbaar.;0.0;Bedorven;Goed;77;1.75;2.27;11.1;16.9;Zeer goed;16_142;73
Volendammer Vishandel Sier;Landstraat 34 - Bussum;4.0;Je snapt niet wat dit soort visdetaillisten bezielt. Volledige desinteresse en een schrijnend gebrek aan vakmanschap. Wie zo kennis maakt met Hollandse Nieuwe, eet hem nooit meer.;Nee;Graten en vuil van de plank. Oogt onsmakelijk en smaakt ook zo. Metalige bijsmaak. Ook nog eens rans en bitter. Doodzonde van je geld.;4.0;Sterk;Matig;73;2.30;3.15;6.5;11.6;Zeer goed;17_108;74
Vishandel J. de Weert;Brink 90 - Amstelveen;6.5;Op het oog een verkooppunt van dertien in een dozijn. De behandeling van haring moet zorgvuldiger. Haring verkopen op deze temperatuur is vragen om moeilijkheden.;Ja;Op zich goed schoongemaakt maar waarom de binnenzijde niet even afgestreken? Bruin verkleurd. Een meer belegen haring. Niet onsmakelijk.;7.5;Sterk;Goed;75;2.25;3.0;11.6;13.2;Voldoende;16_073;75
Bram van Diermen World of Fresh Fish;Verkoopwagen dagmarkt woensdag Voorstraat - Vianen;6.0;Van Diermen heeft wel eens beter gescoord en ook wel slechter. Eigenlijk weet je nooit waar je aan toe bent. Het kan alle kanten opgaan. En of je daar nu gelukkig van wordt?;Nee;Haring ruikt tranig en dat is ook al in de smaak terug te proeven. Visvlees bruin verkleurd. Sterk doorgerijpt. Geen frisse haring.;6.0;Sterk;Goed;58;2.00;3.44;6.3;12.5;Goed;17_085;76
Roeleveld Vis;Visafslagweg 30 - Den Haag;8.0;Vers van het mes gaan snijden en temperatuur beter bewaken en ook Roeleveld, van oudsher een zeer bekende naam in het Scheveningse viswereldje, scoort zo een 9 of hoger.;Nee;Ruikt iets gerijpt. Zilver vanbuiten, vanbinnen karamel verkleurd. Dat gaat razendsnel. Op smaak nog romig. Tikkeltje belegen haring.;8.5;Gemiddeld;Goed;71;1.75;2.46;8.9;12.2;Zeer goed;17_037;77
Seven Seas Seafood;Zamenhofdreef 75 - Utrecht;7.5;Grote, nieuwe viswinkel opende enkele maanden geleden en loopt volgens de eigenaar ‘als een trein’. Haring is hier niet de eerste prioriteit, dus op zich een nette prestatie.;Ja;Opperhuid en anaalvin aanwezig. Nog iets zilt. Zilver vanbuiten, maar de karamelverkleuring heeft al ingezet. Zachte, wel smakelijke haring.;7.5;Gemiddeld;Goed;54;1.95;3.61;5.5;14.4;Zeer goed;17_055;78
Visgilde Lijffijt & De Jong;Biltstraat 50 - Utrecht;7.5;De test blijft een momentopname en Lijffijt & De Jong kunnen beter. Aardig initiatief: de verkoop van zeewier-graanjenever van lokale distilleerderij De Pronckheer (sinds 1861);Ja;Het bekende probleem: zeer goede haring heeft al een tikje gekregen en is in kwaliteit achteruit gegaan. Karamelkleurig. Tikkeltje belegen smaak.;7.5;Gemiddeld;Zeer goed;80;2.25;2.81;3.2;16.4;Zeer goed;16_055_17_015;79
Vishandel Volendam;Zamenhofdreef 31 - Utrecht;7.0;Doorsnee viswinkel waar alles prima in orde lijkt. Wat betreft de haring kan er nog wel een verbeterslag worden gemaakt, maar veel klachten zal deze haring niet geven.;Ja;Haring zoals die veel wordt verkocht. Doorgerijpt, nog wel enigszins mals maar ook een tikkeltje vettig. Daardoor niet echt fris. Iets verkleurd.;7.0;Sterk;Zeer goed;77;2.35;3.05;5.3;12.6;Zeer goed;17_067;80
Visspeciaalzaak De Bleistarte;Schoolstraat 4 - Zwartsluis;7.0;Een Hollandse Nieuwe zoals je deze dit jaar bij bosjes tegenkomt. Er is niets mis mee, maar net een aantal uren te lang doorgerijpt. Dat spel moet je als detaillist (leren) beheersen.;Ja;Door een enkel graatje laten we de pret niet bederven. Fris en mooi rood, maar ook doorgerijpt. Niet meer zilt en romig. Goede middenmoter.;7.0;Gemiddeld;Goed;66;1.95;2.95;4.7;11.7;Zeer goed;17_066;81
Vishandel Buter;Verkoopwagen Wittesteijn - Emmeloord;5.5;Buter heeft geluk dat hij ’s morgens wordt beoordeeld. Een paar uur later en deze haring had er helemaal doorheen gezeten. Scherpere attitude van personeel lijkt noodzakelijk.;Nee;Heel veel smurrie aan de binnenzijde, erg rafelig gesneden. Ook nog huid. Bruin verkleurd. Het kan nog wel, maar voor je genoegen eet je dit niet.;6.0;Sterk;Slecht;65;2.00;3.07;8.3;7.2;Zeer goed;17_092;82
Visspecialiteiten De Oceaan;Plein 1953-1 - Rotterdam;4.0;Duidelijk een kwestie van beter nadenken over procedures en de puntjes op de i zetten. Als er niets gebeurt, is het een kwestie van tijd voordat het helemaal misgaat.;Ja;Buiten schoonmaken terwijl er een warme wind waait, is vragen om problemen. Bruin verkleurd. Vettig en een metaalachtige bijsmaak.;5.0;Gemiddeld;Zeer goed;77;1.85;2.9;10.5;11.4;Zeer goed;17_105;83
Visgilde Bieshof;Van Eesterenplein 96 - Dordrecht;9.0;Ook op dit adres zijn er heel wat uurtjes gaan zitten in de manier waarop het beste met de haring kan worden omgegaan. Die investering betaalt zich op zeker moment uit.;Ja;Dat laatste beetje dat deze Hollandse nieuwe tot een echte topper zou maken ontbreekt. Toch geen klagen. Bieshof serveert een erg goede haring.;9.0;Gemiddeld;Zeer goed;57;2.00;3.5;6.8;10.5;Zeer goed;16_026;84
Visshop De Noordkade;Noordkade 27 - Drachten;4.5;Zou iemand van de Partij voor de Dieren hier een harinkje happen, dan volgt daar zeker actie op. Een Hollandse Nieuwe op deze manier presenteren is dierenmishandeling.;Nee;Huid en graten. Hier is de bijl gebruikt in plaats van het fileermes. Karamel verkleurd. Niets fris meer te bespeuren. Smaakt vooral bitter. Doodzonde.;5.0;Gemiddeld;Matig;63;2.00;3.17;7.9;12.4;Voldoende;17_101;85
Visspeciaalzaak Havenzicht;Lunenburgstraat 3 - Breda;8.97;Stevie Wijnings durfde het avontuur aan en opende zijn derde winkel. Dit keer in Breda, waarmee deze stad eindelijk weer een viszaak van topniveau heeft. Ga zelf maar eens kijken.;Ja;Zeer goede Hollandse Nieuwe. Het begint met voortreffelijk schoonmaken. Ziet er vanbinnen en vanbuiten goed uit. Lekker mals en romig.;8.97;Gemiddeld;Zeer goed;72;2.25;3.72;3.3;11.7;Zeer goed;17_021;86
Corrie’s Visstekje;Vincent van Goghstraat 15 - Nuenen;7.5;Corrie is dolenthousiast dat de Haringtest haar Visstekje aandoet. Zij hoeft zich ook nergens voor te schamen. Op een broodje met een uitje erbij is dit een uitstekende haring.;Nee;Een paar graatjes, maar voor de rest goed schoongemaakt. Beetje karamel verkleurd. Iets belegen en aan de vettige kant. In de verte nog een beetje room.;7.5;Gemiddeld;Goed;75;2.50;3.33;6.8;10.6;Zeer goed;17_060;87
Spakenburgse Vishandel H.C.de Graaf;Kruisstraat 6 - Woerden;9.0;De Graaf heeft gemerkt dat een goede Hollandse nieuwe bijdraagt aan het succes van zijn winkel en omzet genereert. Scoort zijn hoogste cijfer sinds jaren. Van harte.;Ja;"Een verrassing zowel op uiterlijk als op smaak. Oogt fris: zilver met een witte speklaag vanbuiten; helderrood en blank vanbinnen. Mals en romig.";9.0;Gemiddeld;Zeer goed;70;2.25;3.21;4.7;17.4;Zeer goed;16_022;88
Valk Versmarkt;Veurseweg 214 - Voorschoten;5.0;Hollandse nieuwe gaat ten onder in de massaliteit van deze (schitterende) versmarkt met grote visafdeling. De haring krijgt niet de aandacht die hij nodig heeft. Dat merk je direct.;Nee;Ooit een goede haring maar heeft te lang geleden en nu duidelijk op z'n retour. Bruin verkleurd met de eerste tekenen van oxidatie. Stevige oliesmaak.;6.0;Gemiddeld;Zeer goed;68;1.75;2.57;10.6;16.7;Zeer goed;16_091;89
Visgilde Schot;Jan van Goijenstraat 6 - Papendrecht;7.5;Als, als, als. Als Schot een nieuwe emmer had gepakt, zou hij ongetwijfeld hoger hebben gescoord. Nu ook niet slecht, maar nu blijft hij toch steken in de middenmoot.;Nee;De haring komt uit een emmer die al enige tijd geleden is geopend. Dat is niet erg, maar het rijpingsproces gaat wel door. Dus een tikkeltje belegen.;7.5;Gemiddeld;Zeer goed;64;2.00;3.12;6.2;11.8;Zeer goed;17_059;90
Vishandel Keizer & Zn;Verkoopwagen Veldhoflanden 5 - Enschede;5.5;Het getuigt van lef om voor zo’n harinkje 2,50 euro te vragen en dan deze kwaliteit te leveren. Maar klaarblijkelijk laten zijn klanten Keizer hiermee wegkomen. Raadselachtig.;Nee;Los van een paar graatjes goed schoongemaakt. Smaak valt voor een Nieuwe tegen. Sterk bruin verkleurd. Doorgerijpt en bitter. Ook dat vettige.;6.0;Gemiddeld;Goed;62;2.50;4.03;7.1;12.3;Zeer goed;17_091;91
Volendammer Vishandel Johan Schilder;Europaboulevard 361 - Alkmaar;8.5;Fanatieke Johan Schilder is ‘not amused’ als hij merkt dat zijn personeel de instructies om ijs mee te pakken heeft genegeerd. Temperatuur iets te hoog. Kost een half punt en een hogere plaats.;Ja;Een klein feestje. Fris, transparant en mooi rood. Zilver vanbuiten, blank vanbinnen. Dit eet je met genoegen op. Is er nog een stukje?;9.0;Gemiddeld;Zeer goed;63;2.00;2.94;9.4;12.9;Zeer goed;17_029_16_019;92
Toet Visspecialiteiten;Herenstraat 60 - Voorburg;7.5;Iedere ondernemer mag de prijs vragen die hij zelf wil. Toch krijg je hier een hoog Kniertje-gevoel: de vis wordt duur betaald. Maar als je ermee wegkomt, waarom niet?;Ja;Huid en graten verhinderen beoordeling ‘zeer goed schoongemaakt’. Belegen, iets vettige haring. Niets mis mee, maar mist het kenmerkende.;7.5;Sterk;Goed;75;2.75;3.66;4.8;13.0;Zeer goed;17_054;93
Bartje’s Vis;Deldensestraat 31 - Almelo;9.0;Eigenaar Bart Schreuter heeft zich de afgelopen jaren fanatiek op de haring gestort en tal van kwaliteitsstappen gemaakt. Dat werpt nu zijn vruchten af. Groot compliment voor hele team.;Ja;Een toppertje. De Noordzee ligt 200 kilometer naar het westen, maar je ruikt hem wel. Fris en zilt. Mooi rood en blank. Een ware traktatie.;9.0;Licht;Zeer goed;59;2.00;3.38;6.3;13.4;Zeer goed;17_012_16_028;94
De Lemster Vishal;Kortestreek 3 - Lemmer;7.0;Op het oog een gemiddelde viszaak met redelijke haring, maar vis en toeristen zijn niet altijd een gelukkige combinatie. Weten die buitenlanders hoe een Nieuwe smaakt?;Ja;Huid en veel vuil van de plank. Ook erg onregelmatig gefileerd. Doorgerijpte haring met alle smaakkenmerken van dien. Jammer van het bittertje.;7.5;Sterk;Matig;69;2.00;2.89;5.5;13.4;Waarschuwingsfase;17_062;95
Vishandel Je Maatje;Wesseler-Nering 36-37 - Enschede;3.5;Als je je zaak Je Maatje noemt, geef je daarmee aan dat je iets met haring hebt. En dan laat je dit over de toonbank gaan. Sorry hoor, maar dan is er iets helemaal niet in orde.;Nee;Weer zo’n haring die al lang geleden een hoogtepunt bereikte. Al het frisse is er wel vanaf. Bruin en geel. Olie, vet en bitter. Uitgesproken rans.;3.5;Sterk;Goed;63;2.30;3.65;6.9;11.0;Zeer goed;17_115;96
Fizzi;Noorderkeerkring 14 - Alphen aan den Rijn;8.0;Ook Fizzi ontwikkelt zich. Elk jaar wordt een klein stapje voorwaarts gezet en dat is leuk om te merken. Klanten reageren dan ook enthousiast op de haring.;Ja;"Petje af voor de haringsnijdster! Frisse geur. Vanbuiten zilver; vanbinnen fris rood en blank. Op smaak iets gerijpt mist het zilte en romige.";8.0;Gemiddeld;Zeer goed;63;2.25;3.3;6.8;12.1;Zeer goed;16_048;97
Jumbo;Miereakker 18 - Reeuwijk;0.0;En wat staat er op het etiket? 'Gegarandeerd lekkere haring.' Kwaliteitsbeheersing van schip tot schap.' Wat een onzin. 't Draait alleen maar om de centen en de rest is flauwekul;Nee;Het aroma komt je tegemoet wanneer je de verpakking opendoet. Putlucht wel te verstaan. Klevers en slijmdraden. Absoluut oneetbaar.;0.0;Bedorven;Goed;59;2 / 2.28;1.93;2.6;11.1;Zeer goed;16_140;98
Visspecialiteiten 't Vers Waard;Raadhuisstraat 20 - Heerhugowaard;5.5;Een verkooppunt waar je niet onmiddellijk de indruk krijgt dat de Hollandse nieuwe een speciale behandeling krijgt. En zonder die extra aandacht zit je al snel in de middenmoot.;Nee;"Een paar graatjes maar niets dramatisch. Belegen geur. Haring zoals je die veel ziet: doorgerijpt; zacht visvlees; olieachtig en met een bittertje.";6.0;Sterk;Goed;72;2.10;2.91;8.2;14.1;Voldoende;16_084;99
Vishandel E. Fieret;Verkoopwagen Plein 1940 - Scherpenzeel;7.5;Vooral bij warm weer is het zaak in een verkoopwagen zeer alert te blijven. Blijft de haring even te lang liggen, dan is ransheid een feit. Fieret lijkt daaraan te ontsnappen.;Ja;In de geur is in de verte nog een vleugje zee te bespeuren. Aan de hartige kant, maar hapt verder wel lekker weg. Al een tikkeltje gerijpt.;7.5;Gemiddeld;Goed;69;2.00;2.89;6.1;11.1;Zeer goed;17_058;100
Visspecialist Stevenshof;Stevensbloem 163 - Leiden;9.0;Rian Hoek is schatplichtig aan leermeester Kees Koning. Hij streeft ernaar in zijn net geopende winkel de Hollandse nieuwe op de kaart te zetten. Een goed begin is het halve werk.;Ja;Als zonen van een haringgroothandelaar zitten de broers Rian en Tim Hoek dicht bij het vuur. Mooie haring met uitsluitend positieve eigenschappen.;9.0;Gemiddeld;Zeer goed;61;1.85;3.03;2.1;12.3;Zeer goed;16_013;101
Fish Plaza;Gochsedijk 96 - Siebengewald;7.0;De praktijk: AD komt op dinsdag langs en krijgt haring uit een emmer die al op zaterdag is ontdooid. Dat is te lang want ook in de koeling gaat het fermentatieproces gewoon door.;Ja;Een doorgerijpte en deels verkleurde haring. Vanbuiten mooi zilver. Geen echte afwijkingen maar is dit nu zo'n de fameuze Hollandse nieuwe ?;7.0;Sterk;Goed;77;1.95;2.53;4.1;15.4;Zeer goed;16_067;102
Zeevishandel De Graafschap;Prins Bernhardweg: parkeerterrein AH - Lochem;5.5;Hier zijn we snel uitgesproken. Het meest opvallend zijn de resten glas die na het springen van een ruit nog in de sponning van de vitrine zitten. Gewoon boven de verse vis!;Ja;Haring met niet-weggesneden bloeduitstortingen. Al ver doorgerijpt met de bekende gefermenteerde smaak als gevolg. Zacht en olieachtig.;5.5;Sterk;Goed;61;2.35;3.68;6.3;9.6;Zeer goed;16_088;103
Visspecialiteiten Tom Brummel;Verkoopwagen Linie - Apeldoorn;0.0;Startende ondernemer werkt zichzelf lelijk in de nesten. Oké, het was buiten warm, maar dit kan echt niet. Haring van 14 graden is vragen om problemen. Leer van deze ervaring.;Nee;Warme haringpap waarvan je kippenvel op je armen krijgt. Doorgerijpte haring ruikt naar oude kaas, maar dit is tenenkaas. Oneetbaar.;1.0;Sterk;Slecht;65;2.25;3.46;14.3;12.8;Zeer goed;17_138;104
Plus;Botter 4431 - Lelystad;3.0;Plus scoorde enige publiciteit door bij de veiling van het eerste vaatje de laatste bieder te zijn. Maar als je vervolgens deze rotzooi verkoopt heb je niets met haring.;Nee;Het lijkwitte visvlees oogt onaantrekkelijk en ruikt bedorven. Ontbinding heeft ingezet. Korrelige structuur. Bitter. Vissig en wee. Oneetbaar.;3.0;Sterk;Zeer goed;61;2 / 1.49;1.22;5.1;16.8;Zeer goed;16_112;105
Van den Boogaart Visspecialiteiten;Hof van Holland 24 - Zwijndrecht;8.0;Een adres waar wordt geprobeerd het beste uit het product te halen. Wie op een dergelijke manier bewust bezig is, zal zich altijd positief onderscheiden. Ga door op de ingeslagen weg.;Ja;Absoluut oké. Ruikt nog iets naar de zee. Vanbuiten zilver, vanbinnen rood en blank. Frisse haring die zich gemakkelijk laat weghappen.;8.0;Gemiddeld;Zeer goed;67;2.00;2.98;3.4;13.9;Zeer goed;17_041_16_033;106
Volendammer Vispaleis Tol;Brockwaystraat 1 - Haarlem;8.0;Vispaleis Tol opende nog niet zo lang geleden de deuren en profiteert mee van de stroom publiek die de Vomar trekt. Niets mis mee. Nu al een aanwinst voor visminnend Haarlem.;Ja;Geen graatje te bekennen en dat doet goed. Mooi zilver aan buitenkant. Nog enigszins fris en zilt. Niet de echte top, maar wel goed. Keurig gedaan.;8.0;Gemiddeld;Zeer goed;79;2.25;2.84;1.7;11.1;Zeer goed;17_040;107
Visspeciaalzaak Van Reenen;Arkendonk 46 - Oosterhout;8.0;Eigenaar herkent de keurders en pakt direct een nieuwe emmer. Maar wat er niet in zit kan er ook niet uitkomen. Hij is in elk geval scherp en met zijn vak bezig. Dat is prima.;Ja;"Ruikt fris en ziet er goed uit. Glanzend; zilver en fris rood. Toch begint de verkleuring al. Op smaak nog iets zilt en romig met de eerste belegen tonen.";8.0;Gemiddeld;Zeer goed;61;1.95;3.19;4.6;14.0;Zeer goed;16_045;108
’t Vispleintje;Sint Annaplein 11 - Baarle-Nassau;8.0;Twee jonge vrouwen begonnen hun eigen winkel en leggen daar eer mee in. Van heinde en verre stromen de klanten toe. Voor een dergelijke haring is dat de reis ook waard.;Ja;Het schoonmaken kan niet beter. Fris van geur. Iets karamel verkleurd, maar dat mag de pret niet drukken. Mals en aan de hartige kant.;8.5;Gemiddeld;Zeer goed;51;2.35;4.6;9.7;9.5;Zeer goed;17_038;109
Smit V'dammer Vishandel Tussenmeer;Tussen Meer 67 - Amsterdam;7.0;Wie niet beter weet vindt dit vermoedelijk een prima haring. Negatieve punten ontbreken. Maar dat is ook het geval met alles wat van een Hollandse nieuwe een delicatesse maakt.;Ja;"Opperhuid. Een enkel graatje en smurrie. Dat kan beter. De buitenzijde is mooi zilver; de binnenzijde bruin verkleurd. Redelijk smakende stevige vis.";7.0;Gemiddeld;Matig;74;2.10;2.83;5.1;11.1;Zeer goed;16_069;110
Visamy;Bellamypark 44 - Vlissingen;8.0;Zonder meer een goede haring, alleen, hij mist datgene wat de Hollandse Nieuwe tot een echte delicatesse maakt. Maar je zou willen dat alle zaken dit niveau haalden.;Ja;Zeer goed schoongemaakt. Blijft daarna te lang ongekoeld staan, waardoor temperatuur snel oploopt. Mals en zilt. Aan de hartige kant.;8.5;Gemiddeld;Zeer goed;72;1.95;2.7;8.4;15.4;Zeer goed;17_036;111
Van der Zwan Vistotaal;Kerkeveldlaan 14 - Roermond;7.0;Van oudsher een bekende en gerenommeerde naam in noordelijk Limburg. Kan zich met een klein beetje meer moeite vermoedelijk aanzienlijk verbeteren.;Nee;Hollandse Nieuwe zoals die op veel plaatsen wordt verkocht. Beetje gerijpt, iets te hoge temperatuur en daardoor een vettige smaak.;7.5;Gemiddeld;Zeer goed;67;1.85;2.76;9.5;10.3;Zeer goed;17_064;112
Vis van Klaas;Verkoopwagen Damplein - Dordrecht;7.5;Op een hete zomerdag is het in een verkoopwagen lastig werken. Alle begrip daarvoor. Desondanks moet de haring toch kouder worden gepresenteerd. De risico’s zijn te groot.;Nee;Goede haring die op smaak in de buurt komt van de echte top. Zeer goed schoongemaakt. Te hoge temperatuur is wel een punt van aandacht.;8.5;Licht;Zeer goed;53;2.25;4.24;12.1;15.8;Zeer goed;17_049;113
Vishandel Mattie;Verkoopwagen Bouwe Harkemastrjitte - Harkema;7.0;In Friesland is Mattie koning Eenoog. Is deze Hollandse nieuwe het omrijden waard? Beslist niet. Maar als je het ermee moet doen vind je het misschien nog wel lekker.;Ja;Iets vuil van de snijplank. Een gerijpte doorgefermenteerde haring. Zacht als tandpasta maar geen smaakafwijking. Vraagt om een broodje en ui.;7.0;Sterk;Goed;61;1.80;2.95;6.8;13.6;Zeer goed;16_071;114
Visspecialisten Kees en Chantal Sloot;Keizerswaard 12 - Rotterdam;8.5;Kees Sloot is een visverkoper die vertrouwen uitstraalt. Altijd goede producten en een keurige bediening. Beslist een potentiële kandidaat voor een toekomstige plaats in de top 10.;Ja;Na herkenning van het AD-testteam slaan de zenuwen toe. Nergens voor nodig. Er gaat een prima haring over de toonbank. Ook nog iets romig.;8.5;Gemiddeld;Zeer goed;76;2.15;2.82;5.9;13.5;Zeer goed;17_032;115
Visgilde François de Bie;Roostenlaan 67 - Eindhoven;2.0;Detaillist wil de haring goed koud meegeven. Maar als een haring rans is geworden, helpt terugkoelen niet. Probeer vers van het mes te werken op een gekoelde snijplank.;Nee;Wat is dit vies! Het begint met een afwijkende geur (tenenkaas?) en eindigt even later met een bek vol levertraan. Ook nog eens erg bitter en muf.;2.0;Gemiddeld;Goed;64;2.75;4.29;3.6;7.8;Zeer goed;17_126;116
Visspeciaalzaak Vistrend;Moerwijk 28 - Breda;1.0;De branche klaagt dat de consumptie van haring achterblijft. Met dergelijke detaillisten is dat geen wonder. Een zo'n haring en je bent voor een heel seizoen genezen.;Nee;"Een bak ellende. Ruikt vissig en rans. Karamel verkleurd met bruine vlekken. Vanbinnen donkerrood. Smaakt rans; bitter; metalig en klef. Pudding!";2.0;Sterk;Matig;60;1.95;3.25;10.2;11.8;Zeer goed;16_127;117
De Graaf Fish;Rompertpassage 53 - ’s-Hertogenbosch;7.5;‘Zijn zij het?’ gilt de verkoopster naar haar baas als zij meent het AD-team te herkennen. De haring is prima, maar de hygiëne is wel een puntje dat meer aandacht moet krijgen.;Ja;Neutraal van geur, een beetje vuil van de snijplank. Verder fris en zilver. De lichtgezouten haring heeft voor de rest geen minpunten. Lekker mals.;8.5;Groen;Goed;72;2.25;3.04;-1.8;15.9;Slecht;17_048;118
Enkhuizer Vishal;Tussen Twee Havens 7 - Enkhuizen;1.5;Keurmeester vraagt aan twee toeristen die net haring uit dezelfde schaal hebben gekocht hoe deze smaakt. ‘Heerlijk’, is het antwoord. Keurmeester: ‘Ik vecht als Don Quichot.’;Nee;De haring in de vitrine oogt ronduit walgelijk. Te zien is dat hij niet zal smaken. Dat klopt. Zeer bitter en smerig rans. Heel snel uitspugen.;2.0;Sterk;Slecht;68;2.25;3.3;7.9;9.1;Zeer goed;17_130;119
De Jongens van de Fant;Breehorn 2 - Urk;7.5;De rij wachtenden staat tot buiten de deur. Niet voor de haring, maar voor Vaderdag Palingdag. De belangstelling van de lokale bevolking zegt iets over hoe deze zaak bekendstaat.;Nee;Huid en veel vieze smurrie. Haring oogt voor geen cent, maar de smaak valt mee. Doorgerijpt, maar geen smaakafwijkingen. Wel iets zalvig.;7.5;Gemiddeld;Matig;76;1.50;1.97;6.0;9.9;Zeer goed;17_057;120
Cash & Carry visbedrijf Toet;Gildeweg 6 - Vlissingen;5.5;Het probleem met veel bedrijven in de middenmoot is dat er onvoldoende zorgvuldig wordt gewerkt. En dat is dan weer onmiddellijk te merken in de kwaliteit van de haring.;Ja;Het is s morgens vroeg en de emmer van de vorige dag staat nog open. Doorgerijpt en zacht. Eerste kenmerken van rans dienen zich al aan.;6.5;Sterk;Matig;56;2.00;3.57;8.9;14.2;Zeer goed;16_083;121
Visspecialist Van Lopik;Piazza Center 27 - Gorinchem;8.0;Van Lopik is al vele jaren een vaste waarde in de subtop. Heeft in de nabije omgeving geen echte concurrentie. Daardoor ontbreekt wellicht de prikkel om dat extra stapje harder te lopen.;Ja;Een goede haring, maar je ziet hem onder je handen bruin verkleuren. Stevige bite. Is nog iets romig. Jammer van die paar kleine graatjes.;8.0;Gemiddeld;Goed;61;1.95;3.19;4.7;7.7;Zeer goed;17_042_16_046;122
Spakenburgse Vishandel;De Eglantier 342 - Apeldoorn;4.0;Volgens andere klanten is het zeker de moeite waard om hier een halfuur te wachten. Ze weten klaarblijkelijk niet beter. Wat haring? Ze worden afgescheept met pure rommel.;Nee;Het enige positieve is het schoonmaken. Ruikt naar nat karton. Bruin verkleurd. Niet fris. Doorgerijpte zachte papperige massa. Ook nog eens bitter.;4.5;Sterk;Goed;62;2.10;3.38;7.9;7.5;Zeer goed;16_106;123
Vishandel Koelewijn;P.A. de Kokplein 121 - Dordrecht;4.5;Er zijn van die bedrijven die je om de een of andere reden een hoog cijfer gunt. Dat is bij Koelewijn het geval. Maar dit keer laat hij toch iets te veel steken vallen.;Ja;Deze lastige haring kun je beter vooruit schoonmaken en terugkoelen dan lang in (warme) pekel laten staan. Nu zacht en gefermenteerd. Olie.;6.0;Sterk;Goed;51;1.95;3.82;10.3;12.0;Waarschuwingsfase;16_093;124
The Fishery;Doctor Slotemaker De Bruïneplein - Veenendaal;7.5;Hollandse Nieuwe zoals je die (te) vaak tegenkomt. Wie de topproducten kent, haalt z’n neus op, maar de gemiddelde consument zal hier helemaal geen moeite mee hebben.;Ja;Te veel graten om lekker te eten. Ook vanbinnen niet schoongestreken. Geen top, maar ook geen echte afwijkingen. Wel aan de hartige kant.;7.5;Licht;Matig;59;2.00;3.38;6.8;10.7;Zeer goed;17_061;125
Volendammer Vishandel Tol;De Huesmolen 74 - Hoorn;6.0;Kniertje zei het al: ‘De vis wordt duur betaald.’ Voor bijna 3 euro (6 gulden, rekenen sommige oudere haringeters nog) mag je meer verwachten dan deze middelmaat.;Nee;Ook deze haring is alle frisheid kwijt. Zowel vanbinnen als vanbuiten sterk bruin verkleurd. Niet echt vies, maar smakelijk is wat anders.;6.5;Gemiddeld;Zeer goed;78;2.75;3.52;7.4;13.9;Goed;17_083;126
Visspecialist Jaap Struik;Verkoopwagen Essendreef - Gouderak;8.97;Jaap Struik is een van die ondernemers die bewijst dat ook vanuit een verkoopwagen uitstekende producten kunnen worden geleverd. Een voorbeeld voor velen van zijn collega’s.;Ja;Evenals broer Corné zorgt Jaap Struik voor een aangename verrassing. Van de schoonmaak tot het laatste hapje bij de staart, het klopt gewoon.;8.97;Gemiddeld;Zeer goed;65;2.25;3.46;1.1;11.7;Zeer goed;17_019;127
Vishandel Harry van Goor;Johannes Vermeerstraat 33 - Maarssen;7.0;Vriendelijke eigenaar ziet de koeltas en vermoedt dat het AD in de zaak staat. Dat klopt. Klein schoonheidsfoutje doordat de temperatuur iets te hoog is.;Ja;Voor de eerste klanten van de dag komt de haring uit een emmer van de vorige dag. Niets mis mee, wel bepalend voor de belegen smaak.;7.5;Gemiddeld;Zeer goed;73;2.50;3.42;7.1;10.1;Zeer goed;17_063;128
Jumbo;Meint Veningastraat 26 - Hoogezand;0.0;Hallo Jumbo! Is dit een truc om de verkoop van toiletpapier naar ongekende hoogte op te stuwen? Een andere verklaring waarom dit in het schap ligt kan even niet worden bedacht.;Nee;"Staat er een riool open? Oh nee; dat is de haring! In een bakje liggen twee haringlijken. Segmenten weggeteerd. Bitter en rans. Prikkelt op tong.";0.0;Bedorven;Goed;63;3 / 2.39;1.17;8.5;11.7;Zeer goed;16_141;129
Hopman’s Zeevishandel;Verkoopwagen dagmarkt donderdag centrum - Lopik;7.0;Werken in een verkoopwagen is altijd lastig en helemaal als je alleen staat. Verkoper wordt niet nerveus van drukte voor de kraam en werkt rustig door. Geen top, wel acceptabel.;Ja;Los van wat graatjes goed schoongemaakt. Deense haring die onder je handen bruin kleurt. Zacht beestje met de structuur van mayonaise.;7.0;Gemiddeld;Goed;85;2.10;2.47;5.8;12.4;Zeer goed;17_068;130
Mercan's Place;Monseigneur Nolenslaan 420 - Schiedam;7.5;Een adres waar men wel lijkt te willen maar niet precies weet hoe het moet. Een goede haring verkopen is geen kwestie van toeval maar van kennis en vakmanschap.;Ja;Hier speelt het probleem van veel middenmoters. Lang in de pekel zorgt voor zacht en belegen visvlees met grote kans dat haringvetten vrijkomen.;7.5;Gemiddeld;Matig;67;2.00;2.98;5.7;10.8;Zeer goed;16_058;131
Ten Have's viswinkel;Achterstraat 4 - Hattem;8.0;Met een kleine viswinkel is het hard werken om het hoofd boven water te houden. Als dieven er dan vandoor gaan met je verkoopwagen is het leven wel erg hard. Sterkte.;Ja;"Haring ziet er zowel aan binnen- als buitenzijde goed uit. Fris rood en blank visvlees. Is al iets aangerijpt; mist zilt en romig. Maar geen afwijkingen.";8.0;Gemiddeld;Zeer goed;51;1.95;3.82;5.3;14.3;Goed;16_047;132
Vishandel Nico Smit;Wagnerplein 23 - Tilburg;3.5;Stel, iemand probeert voor het eerst een haring en krijgt deze viezigheid voorgeschoteld. Zo iemand ben je de rest van zijn leven kwijt als haringeter. Weer een gemiste kans.;Nee;Veel te veel graten en vuil van de snijplank. Buitenzijde zilver en mooie speklaag. Bruin verkleurd. Bitter, metaal en rans. Uitspugen die hap.;4.0;Sterk;Matig;74;2.50;3.37;9.1;11.9;Goed;17_114;133
Volendammer Vishandel Snoek;Helmholtzstraat 56 - Amsterdam;8.5;Kijk hoe liefdevol een klant die slecht ter been is naar haar scootmobiel wordt geholpen en het is duidelijk welke sociale plaats Snoek in de buurt inneemt. Amsterdamse gezelligheid.;Ja;Even een harinkje happen bij Snoek. De buurt kent z’n adresje. Perfect schoongemaakt, nog iets zilt en romig. Mooi zilver vanbuiten. Prima!;8.5;Gemiddeld;Zeer goed;86;2.20;2.55;5.3;12.2;Goed;17_031;134
Bert Zwier;Verkoopwagen Vismarkt - Groningen;7.5;Voor corporaal Groningen is de verkoopwagen van Bert Zwier na een nachtje doorhalen een vast aanlegpunt. Op zo'n moment is een dergelijke haring een prima idee.;Ja;Puik schoongemaakt. Op geur nog iets zilt. Buitenzijde fris en zilver. Binnenzijde mooi transparant visvlees. Maar wel al iets doorgerijpt.;7.5;Gemiddeld;Zeer goed;61;2.00;3.27;6.4;13.4;Goed;16_060;135
Visplaza Roel Hopman;Van Weedestraat 149 - Soest;4.0;Ondernemers zijn te bang om eventueel overgebleven haringen van zaterdag op dinsdag weg te gooien. Dan krijg je deze door en door gefermenteerde producten. Niet doen.;Ja;Eenmaal over de grens is er geen weg terug meer. Te ver doorgerijpt en dat leidt tot een zachte hap met een sterk overheersende oliesmaak. Bah!;4.0;Gemiddeld;Goed;55;2.30;4.18;3.2;11.7;Zeer goed;16_108;136
Urker Vis en meer;Kleine Kerkstraat 1 - Leeuwarden;5.5;Bij Chinese ondernemers denk je niet automatisch aan een klik met zo’n traditioneel product als Hollandse Nieuwe. Er zijn wel een paar verbeterpuntjes aan te dragen.;Ja;Veel huid en graten. Daar word je niet vrolijk van. Zowel vanbinnen als vanbuiten sterk bruin verkleurd. De smaak valt desondanks alleszins mee.;7.0;Gemiddeld;Matig;73;2.00;2.73;10.6;13.3;Waarschuwingsfase;17_087;137
Viswinkel De Lange;Marcelisstraat 37 b - Den Haag;9.4;Kleine viswinkel met beperkt aantal vierkante meters. Klanten staan daardoor vaak buiten in de rij, want zij weten in groten getale de weg naar dit verkooppunt te vinden. En terecht.;Ja;Alles klopt. Van het schoonmaken tot aan de laatste hap is het genieten. Frisse, neutrale geur. Zilver vanbuiten, blank vanbinnen. Mals, zilt en romig.;9.4;Licht;Zeer goed;57;2.00;3.5;5.6;13.2;Zeer goed;17_007;138
De Visscherie;Galerij 1 - Uden;4.5;Verkooppunt met mooie uitstraling laat het er een beetje bij zitten. Onvermogen? Bedrijfsblindheid? of desinteresse? Hier is met weinig moeite veel meer van te maken.;Nee;De haring ligt al te wachten en dan zijn de eerste verliespunten al binnen. Oogt niet fris. Karamelkleurig met bruine vlekken. Begin van rans. Niet fijn.;5.0;Gemiddeld;Goed;60;2.75;4.58;7.9;12.8;Zeer goed;16_097;139
Vishandel Neptunusplein;Neptunusplein 27 - Amersfoort;0.5;De echte verklaring waarom de Britten voor een Brexit stemden: zij willen ten koste van alles voorkomen dat dergelijke haring onder de vrije invoer van goederen valt.;Nee;Haring is zo goed als bedorven. Vanbinnen bruin en geel en zwart. Rans van smaak. Proeven komt neer op zelfverminking en puur masochisme.;1.0;Sterk;Slecht;67;1.95;2.91;8.8;12.8;Zeer goed;16_133;140
Vishandel De Vakman;Kronenburgpassage 68 - Arnhem;3.0;Vergeleken met de 1 van drie jaar geleden maakt De Vakman (what's in a name?) een grote stap voorwaarts. Maar eigenlijk is het resultaat hetzelfde: ook deze haring wil je niet eten.;Nee;Opperhuid en veel te veel graten. Haring ruikt niet fris: putlucht. Bruine vlekken en karamel verkleurd. Smaakt rans en bitter. Categorie verschrikking.;3.0;Sterk;Matig;62;2.25;3.62;4.3;10.5;Goed;16_111;141
Het Vishuis;Grotestraat 2 - Ede;7.5;Het allerbelangrijkste bij de verkoop van haring is een lage temperatuur. Onvoldoende koeling in de vitrine en de haring gaat achteruit. Toch komt Het Vishuis nog weg met een goede score.;Nee;Best een smakelijke Hollandse Nieuwe. Had ongetwijfeld hoger gescoord als hier het vers-van-het-mesprincipe was gehanteerd. Jammer.;8.0;Gemiddeld;Zeer goed;63;2.25;3.57;7.6;8.2;Zeer goed;17_051;142
Visspecialist Hellevoetsluis;Struytse Hoeck 319 a - Hellevoetsluis;7.5;De test is altijd een momentopname. In het verleden heeft deze visspecialist weleens hoger gescoord. Het vakmanschap en de kennis zijn hier zeker aanwezig, dus even een tandje bijzetten.;Ja;Haring heeft nog een aantal positieve kenmerken: iets zilt en romig. Vanbinnen fris rood, maar de bruinkleuring begint al. Toch wel smakelijk.;8.0;Gemiddeld;Zeer goed;58;2.10;3.62;7.2;12.7;Zeer goed;17_050;143
De Viszaak;Traaij 6 - Driebergen;0.5;De verschoten en vervuilde deurmat met het embleem 'Visgilde' herinnert aan de tijd dat hier nog een echte visdetaillist was gevestigd. Dit heeft meer weg van afvalverwerking.;Nee;Jakkes! Moeten we dit proeven? Afwijkende vislucht. Zit tegen bederf aan. En dan die temperatuur! Bruine chocoladerepen vermomd als haring.;1.5;Sterk;Matig;62;2.20;3.49;15.1;12.3;Goed;17_135;144
Visgilde Leen de Jong;Middenbaan 73 - Barendrecht;7.97;In het algemeen laten de Visgilde-bedrijven zich kennen als de betere visdetaillisten. Leen de Jong is daar met deze Hollandse Nieuwe het levende bewijs van. Een knappe prestatie.;Ja;Hoewel de wauw-factor ontbreekt (dan was het een 10 geweest), is dit weer een aangename verrassing. Mals, zilt en romig. Doorhappen!;8.97;Gemiddeld;Zeer goed;64;2.25;3.51;6.8;10.2;Slecht;17_026;145
M.J. de Graaf Fishmasters;Verkoopwagen parkeerterrein winkelcentrum Walburg - Zwijndrecht;9.2;Loon naar werken voor jong ondernemersechtpaar. Zij proberen al jarenlang het beste uit zichzelf en hun haring te halen. Harde, leergierige werkers die groot respect verdienen.;Ja;Een haring waarbij op het scoreformulier weer alle positieve punten zijn aangekruisd. Mals, zilt, romig, blank, glanzend, transparant, et cetera.;9.2;Gemiddeld;Zeer goed;63;2.00;2.94;-1.9;13.1;Zeer goed;17_009;146
Viswinkel De Noordzee;Spoorsingel 73 - Beverwijk;7.5;Zeker met deze kwaliteit haring blijft de temperatuur een aandachtspunt. De enthousiaste ondernemer moet dat kunnen verbeteren. Mooie zaak waar je je welkom voelt.;Ja;Een paar graatjes. Frisse geur. Visvlees aan de zachte kant. Segmenten aan buitenzijde zichtbaar. Goed van smaak maar mist het zilte en romige.;8.0;Gemiddeld;Goed;72;1.95;2.7;8.2;14.3;Zeer goed;16_051;147
Visspecialist Theo Tax;Promenade 35-37 - Malden;8.0;Tax durft voor zijn Hollandse nieuwe een stevige prijs te vragen maar klaarblijkelijk wordt dat geaccepteerd. Nu nog proberen ook dat laatste stapje te zetten en de 9 is een feit.;Ja;Het schoonmaken gaat traag maar wel erg zorgvuldig. De beste eigenschappen van deze goede haring zijn verdwenen maar nog steeds prima.;8.5;Sterk;Zeer goed;64;2.35;3.67;8.9;10.3;Zeer goed;16_042;148
Bal Vismeesters;Maximastraat 12 - Nijverdal;4.5;Nieuwe viswinkel verziekt een van oorsprong goede haring. Te lang bij een te hoge temperatuur in de emmer en je krijgt dit effect. Inhoudelijke bijscholing lijkt een goed idee.;Ja;Uit de hand schoongemaakt waardoor de temperatuur snel oploopt. Karamel van kleur. Vettig en zacht. Ook tikkeltje bitter. Geen genoegen.;5.0;Sterk;Matig;76;2.00;2.63;7.4;14.1;Zeer goed;16_096;149
Bartjes Vis;Deldensestraat 31 - Almelo;8.5;Dolblij zijn ze hier dat ze hun goede cijfer van vorig jaar mogen verdedigen. Er is veel energie gestoken in het beheersen van de temperatuur. En dat werpt vruchten af.;Ja;Een haring uit de subtop. Als grondstof bijna te goed en daardoor extreem gevoelig voor verval. Goed maar niet meer echt zilt en romig.;8.5;Gemiddeld;Zeer goed;71;2.00;2.81;-0.8;15.1;Zeer goed;16_028_17_012;150
Albert Heijn;Stadsbrink 375 - Wageningen;0.0;Keurmeester cynisch: ,,Een topprestatie om op de eerste dag van het seizoen zo’n slecht product te leveren.’’ De kwaliteitsmensen van AH zouden zich heel diep moeten schamen.;Nee;Putlucht, papperige zachte troep. Chemisch en fysisch bederf met nog drie dagen tot de THT-datum. De zoveelste haringmisser van onze grootgrutter.;0.0;Bedorven;Goed;65;1.79 (2 stuks);1.37;6.1;12.2;Zeer goed;17_140;151
Visparadijs R. Emons;Frankenstraat 45 - Maastricht;0.5;Provinciaal winnaar van de Kibbeling Cup kan beter van de haring afblijven. Wat een gestuntel en geklungel. Hier schieten de tranen in je ogen. De keurmeesters kokhalzen.;Ja;Haring uit een emmer die een dagje te lang heeft gestaan. Geen vork gebruikt en te hoge temperatuur. Rans, slijmdraden en muf. Getver!;2.0;Sterk;Goed;49;2.20;4.48;13.6;11.8;Zeer goed;17_134;152
Vishandel Neerbos;Voorstad 6 - Tiel;6.0;Het is een beetje dubbel. De deskundige liefhebber van een Hollandse nieuwe zal zeggen: 'Wat is dit?' De minder ervaren consument vindt het waarschijnlijk wel prima.;Nee;Redelijk veel huid laten zitten maar voor de rest goed schoongemaakt. Bruin en karamel verkleurd. Al iets belegen van smaak. Niet zilt en romig.;7.0;Gemiddeld;Goed;68;1.95;2.86;8.7;16.9;Waarschuwingsfase;16_078;153
puurvis;Damlaan 69 a - Leidschendam;8.97;In het westen van het land is gemiddeld genomen het niveau van een viswinkel hoger en puurvis is daar een goed voorbeeld van. Kan met het geluk van een goede partij nog hoger scoren.;Ja;Een prima Hollandse Nieuwe. Mals, zilt en romig glijdt het beestje zo naar binnen. Hier ook mooi zilveren buitenzijde, transparant blank visvlees.;8.97;Gemiddeld;Zeer goed;63;2.25;3.57;3.8;11.6;Zeer goed;17_022;154
SeaZo Visspecialiteiten;Molenbrink 50 - Monster;2.0;Dit doe je je klanten niet aan. Het woord 'kielhalen' springt in onze gedachten. Maar wat of wie? De vis om schoon te spoelen? Of brengen we onszelf in ademnood met deze haring?;Nee;SeaZo noemt zichzelf specialist'. In haring verzieken? Bruin verkleurde rans ruikende papperige stukjes visvlees nodigen niet uit tot proeven. Vies!;3.5;Sterk;Zeer goed;61;1.75;2.86;14.2;14.1;Voldoende;16_119;155
Plus Wensveen;Dorrestein 21 - Nieuwerkerk a/d IJssel;0.0;Het blijft de vraag waarom een bonafide supermarktondernemer zijn naam te grabbel gooit door zijn klanten deze rotzooi voor te zetten. Alleen voor een paar centen?;Nee;Alleen de temperatuur is in orde, voor het overige deugt er helemaal niets. Kleeft, stinkt, in alle kleuren van de regenboog. Oneetbaar, bagger.;0.0;Bedorven;Matig;63;2.99 (2);2.37;3.8;5.4;Zeer goed;17_139;156
Vishandel Jan Zwarthoed;Verkoopwagen weekmarkt woensdag Raadhuisplein - Nederweert;3.5;Heel attent: haring wordt verpakt in een klein koeltasje. Maar dat is slechts symboolpolitiek als de haring al te warm uit de vitrine komt. Even bij de les blijven a.u.b.;Nee;Het kan niet vaak genoeg gezegd: een te hoge temperatuur is funest voor haring. Bruin verkleurd, rans en een metalige bijsmaak.;5.5;Gemiddeld;Goed;59;2.00;3.38;11.2;7.5;Slecht;17_109;157
Fijnvishandel Santpoort aan Zee;Broekbergenlaan 44-46 - Santpoort;9.0;Er zijn van die viswinkels waar het een genot is om binnen te stappen. Dit is er zo een. De zorg voor de haring is ook terug te vinden in de rest van het assortiment. Keurig!;Ja;Een van de betere Hollandse nieuwe in handen van een vakkundig detaillist. Perfect schoongemaakt. Fris rood op de graat en mooi blank visvlees.;9.0;Gemiddeld;Zeer goed;79;2.30;2.91;6.1;11.3;Goed;16_025;158
Vishandel Ger Buijs;Jacob van Campenplein - Rotterdam;8.0;De in de visbranche gepokt en gemazelde Ger Buijs weet waar hij mee bezig is heeft duidelijk plezier in zijn werk. Verwerft met zijn smakelijke haring een trouwe klantenkring.;Ja;Ruikt fris en gerijpt. Schoonmaak is helemaal in orde. Een mooie haring, die wel flink is doorgerijpt. Krijgt daarmee de smaak van oude kaas.;8.0;Gemiddeld;Zeer goed;55;1.75;3.18;6.1;10.8;Voldoende;17_045;159
Lidl;Vlierdenseweg 4 - Deurne;2.0;Lidl heeft een naam hoog te houden als het om verse producten gaat. Ook hier de vraag waarom zij zichzelf deze ellende aandoen. Schadelijk! Tijd voor een gesprek met producent.;Nee;Huid en graten. Kleur van visvlees varieert van bruin en geel en cyclaam tot roze. Ooit een goede haring maar nu zachte vieze drab. Goed voor de afvalbak.;3.0;Sterk;Matig;67;3 / 2.39;1.18;4.1;14.4;Slecht;16_115;160
Volendammer Vishandel Jan Plat;Verkoopwagen parkeerterrein Stationsweg 3 - Broek op Langedijk;3.0;Een verkooppunt dat voor onmiddellijke sluiting in aanmerking komt. Een beetje kritische consument heeft aan één blik voldoende om onmiddellijk in de auto te springen. Weg!;Nee;Haringdrab, maar wel netjes schoongemaakt. Aan de gele en cyclaamverkleuring is al te zien dat de smaakpapillen het weer zwaar krijgen. Kots!;4.0;Gemiddeld;Goed;85;2.00;2.35;13.4;12.9;Goed;17_116;161
Vishandel Waninge;Walderstraat 27 - Lochem;6.5;De jonge Marc Huetink heeft de zaak van zijn oude leermeester overgenomen. Als het om haring gaat, is het een kwestie van nog veel leren en de puntjes op de i.;Ja;Huid en graten. Een Nieuwe waar het frisse vanaf is. De rijping is al flink op gang gekomen en dat bepaalt de (belegen) smaak. Niet slecht, kan beter.;7.0;Gemiddeld;Matig;73;2.45;3.35;8.5;13.0;Zeer goed;17_077;162
Lekkerkerkse Vishandel W. Verwaal;Dagmarkt vrijdag Hoofdstraat - Krimpen aan den Lek;9.03;Jonge ondernemer geeft er blijk van dat hij weet waarmee hij bezig is. Dat is een verademing en het verklaart tevens de grote schare klanten bij de verkoopwagen.;Ja;Soms loop je een pareltje tegen het lijf. Een verkooppunt waar vrijwel alles klopt. Zou iets romiger kunnen maar eigenlijk gewoon voortreffelijk.;9.03;Gemiddeld;Zeer goed;57;2.25;3.94;1.6;16.3;Goed;16_011;163
Volendammer Vishandel Sanny Bont;Passage 77 - Nieuwegein;9.0;Een hard gelag. Bont valt uit de top 10 na het bekend worden van de microbiologische resultaten. Dat doet voor een deel het harde werken teniet. Maar het blijft een mooie klassering.;Ja;Een haring met alleen maar positieve kenmerken. Volle romige smaak, fris en zilt. Een uitstapje waard voor de echte haringliefhebber.;9.5;Gemiddeld;Zeer goed;68;2.20;3.23;2.8;14.8;Waarschuwingsfase;17_011_16_034;164
Visspecialist Pieter Smit;Westermarkt 112 - Tilburg;2.0;Een bekend filosoof zou zeggen: 'Je ziet het pas als je het ziet.' Want hoe kan het dat je in een viswinkel werkt en niet in de gaten hebt wat er met je Hollandse nieuwe gebeurt?;Nee;"De haring ligt al klaar; vier lagen dik. Dat vraagt om broei met alle ellende van dien. Bruin verkleurd. Sterke oliesmaak. Erg belegen. Zonde van t geld.";3.5;Sterk;Goed;76;2.20;2.89;10.4;9.6;Waarschuwingsfase;16_116;165
Vishandel Bettina Krol;Hinthamereinde 73 - s-Hertogenbosch;0.5;Welkom bij deze voorstelling van Bettina's gruwelkabinet. Vandaag een scene uit het stuk 'Haringverschrikkingen'. Over hoe het noodlot een haring bij Bettina brengt.;Nee;"Ingewanden. Smurrie. Graten. Haring donker verkleurd. Veel te warm; met handen beetgepakt. Vieze oliesmaak en rans. Ronduit smerig!";2.0;Sterk;Slecht;54;1.50;2.74;13.0;13.4;Voldoende;16_132;166
Vishandel Sannie Bont;Passage 77 - Nieuwegein;8.5;"Sannie Bont plaatste zich vorig jaar nog in de top 10; maar grijpt daar dit jaar naast. De oorzaak ligt in de toegenomen concurrentie en een lastig verwerkbare haring.";Ja;Fris rood en transparant visvlees. Buitenzijde is mooi zilver. Oogt om onmiddellijk in te bijten. Doe je dat dan mis je het romige. Zonder meer goed.;8.5;Gemiddeld;Zeer goed;66;2.00;3.03;4.7;15.2;Zeer goed;16_034_17_011;167
Visgilde Lijffijt & De Jong;Biltstraat 50 - Utrecht;8.97;Lijffijt & De Jong is een zaak waar men altijd erg bezig is met kwaliteit. Die instelling werpt zijn vruchten af bij deze biologische viswinkel. Adres om te onthouden voor wie eens in de buurt is.;Ja;Voortreffelijke haring waaraan alleen het wauw-effect ontbreekt. Mals, zilt en romig. Ruikt fris en ziet er ook aantrekkelijk uit.;8.97;Gemiddeld;Zeer goed;81;2.25;2.77;0.3;9.2;Goed;17_015_16_055;168
Volendammer Vishandel Plat & Tol;Quirinegang 81 - Zoetermeer;5.5;De zaak staat in Zoetermeer bekend als een gedegen viswinkel en scoorde in het verleden al eens een 8,5. Nu bestaat de indruk dat het scherper kan. Teugels aanhalen.;Ja;Veel huid en graten. Filets kleven enigszins aan elkaar. Zachte, papperige haring met een afwijkende, vreemde bijsmaak. Geen echt genoegen.;5.5;Gemiddeld;Matig;59;2.00;3.38;6.1;10.5;Voldoende;17_094;169
Vishandel Peter van Jaan;Schutstraat 36 - Hoogeveen;8.5;Een visdetaillist die zijn vak verstaat: altijd een genoegen in een regio waar de hoge cijfers niet voor het opscheppen liggen. De moeite van een tussenstop waard.;Ja;Hoogeveen ligt zo'n 100 kilometer van de (Wadden)kust maar je ruikt de zee. Een Hollandse nieuwe met een stevige beet. Nog een tikkeltje romig.;8.5;Gemiddeld;Zeer goed;67;2.00;2.98;6.7;12.2;Zeer goed;16_037;170
Vishandel J.Karregat;Verkoopwagen Markt - Breukelen;3.0;Soms geloof je je ogen niet. Schandalig dat dit over de toonbank gaat. Zit tegen bederf aan. Eigenlijk niet meer geschikt voor consumptie. Alleen gebruiken als alternatief glijmiddel.;Nee;Opperhuid, rafelig gesneden. Visvlees melkachtig wit met gele en roze verkleuringen. Bitter en rans. Zeer glibberig, olie loopt er gewoon uit.;4.0;Sterk;Goed;82;2.25;2.71;15.9;11.8;Zeer goed;17_117;171
Vishandel Van den Oever;Laan van Wateringse Veld 1557 - Den Haag;6.5;Een verkooppunt waar de wil er iets goeds van te maken zeker aanwezig lijkt. Verdiep je in theoretische kennis en stuur je personeel op een cursus haringsnijden.;Ja;Erg vette haring die nog net op tijd door het keelgat glijdt. Al niet meer zilt en romig maar ook zonder nare bijsmaken. Balanceert op de rand.;7.0;Gemiddeld;Goed;61;1.95;3.19;7.5;9.4;Goed;16_074;172
Zeevishandel Kees Vrolijk;Lange Tiendeweg 61 - Gouda;8.5;Scheveninger Kees Vrolijk groeide op in de vis en bracht al die kennis samen in een mooie winkel. Weet van de hoed en de rand. Haring is hier in vertrouwde handen.;Ja;De top. Dus natuurlijk goed schoongemaakt en fris van geur. Buitenzijde zilver met een witte speklaag. Van binnen fris en transparant. Iets romig.;8.5;Gemiddeld;Zeer goed;67;2.00;2.98;3.6;12.7;Zeer goed;16_031;173
Viscircus Gebr. Koning;Schippergarage 23 - Almere;8.0;Een ongelukkig testmoment. Als het AD binnenstapt, is de nieuwe winkel van Koning net drie uur open en dat betekent sowieso stress. Dan zo’n haring afleveren is dan ronduit een prestatie.;Ja;Hoewel de zenuwen toeslaan, maakt Jan Koning de Nieuwe perfect schoon. Fris en er is ook nog iets van een romige smaak terug te vinden.;8.0;Gemiddeld;Zeer goed;80;2.10;2.62;-2.1;18.4;Zeer goed;17_039;174
Aldi;Kronenburgpassage 124 - Arnhem;1.0;Hier-ga-je-van-kotsen-haring. Het is al eerder gezegd: het blijft onbegrijpelijk dat ervoor wordt gekozen om deze kwaliteit in het schap te leggen. Dan diskwalificeer je jezelf.;Nee;"In een poging een goede haring te vinden wordt de Aldi kort na belevering bezocht. Tevergeefs. Hij stinkt; is bruin; oogt flets en heeft en gele glans.";1.5;Sterk;Goed;71;2 / 1.59;1.11;7.4;9.8;Zeer goed;16_129;175
Vis van Lon;Dorpsstraat 101 - Zoetermeer;0.0;Pakt de haring met de handen beet. Temperatuur is te hoog. Bedorven haring wordt niet herkend, maar voor 2 euro per stuk verkocht! Het is wel duidelijk wat het niveau hier is.;Nee;Zodra de verpakking opengaat, is duidelijk hoe laat het is. Het meurt. Veel graten en smurrie. Geel, cyclaam en bij de staart zwart verkleurd.;0.0;Bedorven;Matig;61;2.00;3.27;9.2;10.2;Goed;17_144;176
Fieret’s Vishandel;Kaai 18 - Sluis;1.0;Schitterende winkel met een magnifiek assortiment. En dan zo door de mand vallen met je Hollandse Nieuwe. Gevalletje bedrijfsblindheid? Want dit lijkt helemaal nergens op.;Nee;Visvlees heeft een uitgesproken lijkkleur. Ook geel en crème verkleurd. Olie en vet met een zeer zalvige structuur. Kortom, een heel vies ding.;3.0;Sterk;Goed;66;1.75;2.65;14.8;9.0;Slecht;17_132;177
Dirks Vishandel;Hoornesplein 129 - Katwijk aan Zee;8.5;Fraai verbouwde winkel is het bewijs dat Dirk zijn onderneming tot een succes weet te maken. Presteert bovengemiddeld. Vraag is of de ambities nog verder reiken.;Ja;Ziet er zowel vanbinnen als vanbuiten prima uit. Veel goede smaakeigenschappen zijn behouden gebleven maar de haring is wel aan de zachte kant.;8.5;Gemiddeld;Zeer goed;62;1.95;3.14;2.7;15.8;Zeer goed;16_029;178
Vistaria 't Vrolijke Maatje;Verkoopwagen De Wending - Delfzijl;2.0;'Lekker he?' vraagt de verkoopster als zij een proefstukje overhandigt. Spontane braakneigingen. Hoe kan dit worden verkocht? 't Vrolijke Maatje is meer het 't Ranzigste Maatje.;Nee;Het heet Hollandse nieuwe te zijn maar lijkt het meest op een hoopje bruine bagger. Een hap ranzige olie. Waar staat het teiltje?;3.0;Sterk;Goed;64;1.75;2.73;13.7;9.8;Goed;16_123;179
Urker Visspecialist de Snoekies;Sint Adriaanstraat 17 - Goes;4.5;Verkooppunt is pas een jaar open maar maakt nu al een treurige en ietwat verlopen indruk. En met een dergelijke Hollandse nieuwe bouw je ook geen goede naam op.;Ja;Het bekende probleem. Te lang in de emmer bij een te hoge temperatuur en te ver doorgerijpt. Op alle punten niet goed. Olie en vet. Nare nasmaak.;5.5;Sterk;Matig;70;2.00;2.85;11.6;13.4;Zeer goed;16_094;180
Kraam van Kralingen;Watertorenweg - Rotterdam;1.0;De uitbaatster is blij dat het AD langskomt en geeft daarmee helaas al aan geen benul te hebben van waar zij mee bezig is. Een groot foutenfestival. Braakharing.;Nee;"Ingewanden; graten en smurrie. De haring ruikt rans en zuur. Vanbinnen bruin en geel en creme verkleurd. Ook nog eens bitter. Smaakt afgrijselijk.";2.0;Sterk;Matig;62;2.00;3.22;12.6;9.3;Zeer goed;16_128;181
Viscircus gebroeders Koning;Belfort 128 - Almere;7.5;Viscircus Koning presteert al jaren op een redelijk hoog niveau. Op smaak ook dit keer goed. Koning zette afgelopen week alles op alles om lek in hygiene boven water te krijgen.;Ja;"Perfect schoongemaakt en dat blijft een lust om te zien. Iets gerijpte smaak; in de verte nog een tikkeltje romigheid. Gewoon een keurige haring.";8.5;Gemiddeld;Zeer goed;69;2.10;3.04;2.8;12.0;Slecht;16_049;182
Vishandel Wennekes;Verkoopwagen parkeerterrein Jumbo ’s-Gravenwaardsedijk 78 a - Tolkamer;5.5;In de regio is Wennekes een grote naam. De vraag is of het hier eenoog in het land der blinden is. Met concurrentie op de loer red je het niet met deze kwaliteit.;Nee;Sterk doorgerijpte lucht en dan weet je wat je te wachten staat. Smaakt al een beetje vissig, eerste sporen ransheid. Eet je niet voor je plezier.;5.5;Sterk;Matig;68;2.1;3.08;6.9;10.5;Zeer goed;17_095;183
dagkraam Monique Vermeer;Groene Hilledijk / Heilantstraat - Rotterdam;5.0;'Kerstbomenverkopers' worden ze wel eens genoemd: de kraampjes die je in de haringtijd in Rotterdam ziet opduiken. Vaak geroemd maar meestal ten onrechte. Zo ook hier.;Ja;Erg veel visvlees weggeschrapt. Haring karamel en bruin verkleurd. Vreemde afwijkende smaak doet denken aan nat karton. Geen hoogvlieger.;5.0;Gemiddeld;Goed;58;2.00;3.44;6.3;11.0;Zeer goed;16_092;184
Arie Haring;Langsom 5 - Amsterdam;4.5;Een tikkeltje slonzig verkooppunt dat een goede schoonmaakbeurt best zou kunnen gebruiken. En die Hollandse nieuwe is er een voor de nieuwe rubriek Doorrijden svp!'.;Ja;Te veel graten en smurrie en ingewanden. Karamel en bruin verkleurd. Erg zacht visvlees. Categorie tandpasta. Plakt tegen gehemelte. Naar ding.;5.0;Sterk;Matig;79;2.50;3.16;9.5;12.9;Voldoende;16_099;185
De Visfuik;De Millystraat 9 - Zuidlaren;7.5;De Visfuik heeft met zijn haring een goede naam opgebouwd. Ook nu wordt degelijk werk geleverd. Maar soms is de natuur te gul met lastige te vette haring.;Ja;Goede haring maar het fermentatieproces gaat snel. Dat is in de smaak terug te vinden. Tikkeltje vet en olieachtig. Mist het frisse van topharing.;8.0;Gemiddeld;Zeer goed;65;2.00;3.07;9.1;15.1;Zeer goed;16_052_17_046;186
Vishandel Kees Nobel;Verkoopwagen Vlietplein - Ridderkerk;0.0;Dit soort verkopers is een aanfluiting voor het vak. Hier wil je geen klant zijn. Wijk uit naar een echte viswinkel. Laat Nobel iets goeds doen voor de mensheid en de zaak sluiten.;Nee;Haring die je alleen aan de meeuwen kunt voeren. Geel, zwart, cyclaam en bruin. Ruikt en smaakt tranig. Tegen bederf aan. Gewoon rotzooi.;1.0;Sterk;Slecht;66;1.95;2.86;7.1;13.3;Waarschuwingsfase;17_136;187
Visboetiek Emous;Dirk de Derdelaan 1a - Vlaardingen;6.5;Eigenaar heeft zichzelf opgegeven voor de test maar kan nog werken aan een aantal verbeterpuntjes. De wil om dat te doen is het begin van de weg omhoog.;Ja;Van een doorgerijpte haring valt nooit meer een frisse Hollandse nieuwe te maken. Je blijft toch steken in de categorie vettig en belegen. Jammer.;6.5;Gemiddeld;Matig;56;1.95;3.48;4.3;7.1;Zeer goed;16_077;188
Het Neusje van de Zalm;Verkoopwagen parkeerplaats AH Tijnjeplein - Leeuwarden;3.0;Heeft hij een hekel aan haring of aan haringeters?. Wat doet deze verkoper zijn klanten aan? Laat hem voor straf eens zijn eigen haring opeten.;Nee;De tranige lucht bezorgt al kotsneigingen. De haring is verkleurd in veel nuances: bruin, cyclaam, zwart, donkerrood. Alleen goed voor de meeuwen.;3.0;Sterk;Zeer goed;80;2.25;2.81;16.5;12.5;Voldoende;17_120;189
Bram & Aaltje;Verkoopwagen dagmarkt dinsdag Brink - Baarn;7.5;Het oog wil ook wat en dat komt in deze fraaie verkoopwagen niet tekort. Gerenommeerde onderneming moet het in zich hebben ook met haring hoger te scoren.;Ja;Iets belegen haring en dan mis je de kenmerkende eigenschappen van de Hollandse nieuwe. Mooi vet. Transparant en zilver. Redelijke smaak.;7.5;Licht;Zeer goed;64;2.25;3.51;5.6;13.1;Zeer goed;16_057;190
Visspecialist Klein Scheveningen;Simon Carmiggelthof 49 - Den Haag;7.5;"Niet de eerste zaak die onlangs afscheid nam van het Visgilde om onder eigen vlag verder te varen. Ruimte voor verbeteringen is er zeker; nu is het zaak die ook door te voeren.";Ja;"Dat wat een Hollandse nieuwe tot een echte traktatie maakt is niet meer terug te vinden. Iets verkleurd; tikkeltje belegen. Toch niet echt slecht.";7.5;Gemiddeld;Goed;57;2.00;3.5;6.2;12.2;Goed;16_059;191
Konink Vis;Talingweg 171 - Apeldoorn;3.0;Geen bakker zou het in zijn hoofd halen om beschimmeld brood te verkopen en daar de hoofdprijs voor te vragen. Maar in de haringbranche gelden al jaren andere regels.;Ja;Graten en vuil van de plank. Binnenzijde sterk bruin verkleurd. Haring heeft te lang in de emmer gelegen. Visvlees is pap. Ook nog eens erg rans.;3.0;Sterk;Matig;59;2.25;3.81;6.1;14.1;Zeer goed;16_113;192
Vishandel De Lekkerbek;Verkoopwagen Grote Beer - Hoogeveen;5.0;‘Onze kwaliteit is hoog’, schrijft De Lekkerbek op de eigen website. Zo’n opmerking bekt wel lekker, maar blijkt, gelet op wat er in de praktijk gebeurt, gewoon loze prietpraat.;Ja;De haring heeft de rooklucht van gebakken vis aangenomen. Binnenzijde kleurt bruin en crème. Daarop gelet valt de smaak nog mee. Vissig en vet.;6.0;Gemiddeld;Goed;63;2.00;3.17;13.8;8.7;Goed;17_098;193
Backus aan de Grens Visspecialiteiten;Herungerberg 417 - Venlo;0.0;AD haalt verhaal en krijgt te maken met een weinig inschikkelijke uitbater. Met zijn product is niets mis vindt hij. Hap en weg is de haring. Hier helpen geen argumenten.;Nee;Huid en graten en ingewanden. Stinkt. Ziet geel en grijs. Segmenten verworden tot haringpap. Schande dat dit voor consumptie wordt aangeboden.;0.0;Sterk;Slecht;63;2.30;3.38;9.9;13.6;Zeer goed;16_138;194
Visspecialist Corné Struik;Verkoopwagen parkeerterrein De Markte - Krimpen a/d Lek;9.6;Mensen in de Krimpenerwaard mogen blij zijn met Corné Struik. Met zijn 26 jaar de trotse eigenaar van een nieuwe, hypermoderne verkoopwagen. Wat een ondernemer. En wat een haring.;Ja;Je weet het binnen een fractie van een seconde: absolute top. Heeft alles wat een Hollandse Nieuwe moet hebben. Maak er nog maar één schoon.;9.6;Gemiddeld;Zeer goed;66;2.25;3.4;-1.2;13.7;Zeer goed;17_005;195
Dagkraam Alex de Lat;Verkooppunt bij Puccinipassage - Capelle aan den IJssel;6.0;Dit eenvoudige verkooppunt staat bekend om zijn goede haring. Op een warme dag blijkt de combinatie van een vette haring en de buitentemperatuur toch te hoog gegrepen.;Ja;De haring heeft te lang gelegen bij een te hoge temperatuur. Het visvlees is bruin verkleurd en zacht en papperig geworden. Het frisse is eraf.;6.5;Licht;Zeer goed;60;2.00;3.33;9.1;16.0;Zeer goed;16_081;196
Vishandel Hameeteman;Hoge Pad 9 - Ouddorp;7.0;De eerste indruk is dat het allemaal net wat scherper kan. Haring verwerken bij een temperatuur boven de 7 graden is vragen om problemen. Haring loopt zo van de snijplank.;Ja;"De test zorgt voor spanning en trillende handen bij de haringsnijder. De temperatuur is een breekpunt. Het haringvet komt los; nog iets zilt.";8.0;Gemiddeld;Zeer goed;54;1.80;3.33;12.2;13.2;Zeer goed;16_064;197
Vishandel Gebroeders Van Diermen;Verkoopwagen dagmarkt vrijdag Marktstraat - Twello;7.0;Het muntje valt dit keer nog de goede kant op. Maar voorgesneden haring op een te hoge temperatuur verkopen is vragen om moeilijkheden. Het is wachten tot het misgaat.;Nee;En weer zo'n doorgerijpte haring. Dus bruin verkleurd en vettig in de mond. Klein bittertje van gal of donker bloed. Geen echte afwijkingen.;7.5;Sterk;Goed;69;2.00;2.89;7.4;16.4;Zeer goed;16_065;198
De Spakenburgse Visspecialist;Verkoopwagen Landbouwstraat - Winterswijk;0.0;Verkoopster tegen AD: ‘Goed dat u een koeltas bij u heeft, want het is bederfelijke waar.’ Handel daar dan ook naar! Het beste advies dat er te geven is: doe de klep naar beneden!;Nee;Pakt haring met de handen beet. Alhoewel, haring? Iets zachts en blubberigs wat daar op lijkt. Stopverf, snot, rans, niet te eten. Jakkes!;1.0;Sterk;Matig;54;2.25;4.16;8.2;8.6;Zeer goed;17_137;199
Marcel Korlaar/Zuyderzee;Vrijdagdagmarkt Binnenhof - Barendrecht;0.0;Hier zou de NVWA eens moeten doorpakken. Twee maanden achter elkaar controleren en beboeten. Wellicht komt er dan een einde aan dit soort middeleeuwse toestanden.;Nee;"Buiten is het 27 graden en mijnheer staat in zijn kraampje haring te verkopen zonder enige koeling. Klef; olieachtig en muf. Je kunt wachten op bederf.";5.0;Sterk;Matig;69;2.25;3.26;15.8;15.0;Afkeurenswaardig;16_135;200
Vishandel Gerina Ter Beek;Verkoopwagen parkeerterrein winkelcentrum Keizerslanden - Deventer;2.0;Het lijkt zowaar de haringduivel in de vermomming van een aardig meisje in klederdracht. Ze laat de klanten onvervalst geld betalen voor de vriendelijk gepresenteerde kadavertjes.;Ja;"Haringkar waar ongekoeld wordt gewerkt. Temperatuur veel te hoog. Belegen; bitter; muf en wee. Verschrikkelijk zacht. Dit is de categorie haringsnot.";3.0;Sterk;Goed;66;2.25;3.4;13.1;15.3;Zeer goed;16_122;201
Vishandel Adrie;Verkoopwagen Vogelplein - Amersfoort;2.0;Cowboys zijn en blijven het. Het is dit soort verkooppunten dat (een deel van) de ambulante handel een slechte naam bezorgt. Op deze manier ga je niet met levensmiddelen om. Weg hier!;Ja;Haring ziet er onaantrekkelijk uit. Graten en vuiligheid. Sterk verkleurd. Rans en bitter. Komt het meest overeen met een warme hap braakvlees.;3.5;Gemiddeld;Matig;61;2.25;3.68;12.2;11.4;Waarschuwingsfase;17_123;202
Vistaria Schaap;Ootmarsumsestraat 296 - Almelo;9.1;Johan en Wim Schaap zijn ook ‘besmet geraakt met het haringvirus’. Zij investeerden in kennis en kunde en leveren het bewijs dat puike haring ook een kwestie van mentaliteit is.;Ja;Wauw, weer zo’n klasseharing. Perfect schoongemaakt. Mooie, volle, romige smaak en dat betekent weer genieten pur sang. Een omweg waard.;9.1;Gemiddeld;Zeer goed;80;2.25;2.81;4.1;12.6;Zeer goed;17_010_16_040;203
Visgilde Steehouwer;De Schoof 80 - Hendrik-Ido-Ambacht;8.97;Zoals in elk beroep heb je ook bij de visdetaillisten goede en minder goede ondernemers. Steehouwer toont al jaren aan bij de eerste categorie te horen. Hij stelt nooit teleur. Klasse!;Ja;Vertrouwd adres stelt niet teleur. Een Nieuwe van topkwaliteit. Mals, zilt en romig. Zilver met een mooie speklaag. Weer een mooie prestatie.;8.97;Gemiddeld;Zeer goed;67;2.10;3.13;0.9;9.8;Goed;17_017_16_014;204
Dries van den Berg;Burgemeester De Meesterstraat 11 - Harderwijk;6.5;Bij Dries van den Berg is het altijd druk en alles gaat vlug. Snelheid van werken lijkt weleens ten koste te gaan van de zorgvuldigheid want deze temperatuur kan echt niet.;Nee;"Het mes is bij het uitschrappen erg diep uitgeschoten. Licht verkleurd; gerijpte smaak. Niet meer zilt en romig maar geen echte afwijkingen.";7.5;Gemiddeld;Goed;61;1.75;2.86;10.8;14.7;Zeer goed;16_072;205
Lidl;De Spinne 46 - Goes;0.0;Norm voor ‘poepbacteriën’ vele malen overschreden. Met een Hollandse Nieuwe heeft dit helemaal niets te maken. Lidl onwaardig. Arme klanten.;Nee;Pas nadat de verpakking geruime tijd open heeft gestaan, verdwijnt de ergste putlucht. Grauw, bruin. Slijmdraden. Vieze klevers. Oneetbaar.;0.0;Bedorven;Matig;61;2.49 (2);2.04;5.2;9.3;Afgekeurd;17_147;206
Vishandel Theo Muys;Dobbe 7 - Zwolle;7.0;Detaillist snijdt ’s morgens vroeg nog uit de emmer van vorige dag. Daar is niets mis mee, maar de haring rijpt wel door. Een nieuwe emmer valt waarschijnlijk 1,5 punt hoger uit.;Ja;Eerst een compliment voor het schoonmaken! Wat belegen haring, aan de zachte kant. Enigszins bruin verkleurd. Nog wel goed van smaak.;7.0;Gemiddeld;Zeer goed;77;1.95;2.53;6.4;8.2;Goed;17_069;207
XL Vis;De Stede 21 - Den Haag;4.0;Relatief hoog geprijsd en absoluut zonde van je geld. Een lekkere Hollandse Nieuwe is een prima visitekaartje voor je bedrijf. Met deze haring geef je eerder een wegblijfgarantie af.;Nee;Ooit goede haring is al veel positieve eigenschappen kwijtgeraakt. Ruikt muf, vooral aan binnenzijde donker verkleurd. Harinkje oude kaas.;5.0;Sterk;Goed;71;2.20;3.09;8.3;8.9;Waarschuwingsfase;17_104;208
Vistaria Schaap;Ootmarsumsestraat 296 - Almelo;8.0;Zaak met een eigen dynamiek waar het rond etenstijd topdrukte is. Op zo'n moment dan ook nog aandacht kunnen geven aan een verse Hollandse nieuwe getuigt van klasse.;Ja;"Een van de betere haringen uit de subtop. Zilver vanbuiten; fris en transparant vanbinnen. Nog iets van zilt en romig te bespeuren. Aan de zachte kant.";8.5;Gemiddeld;Zeer goed;66;2.25;3.4;7.3;14.4;Zeer goed;16_040_17_010;209
Lindsey’s Visspeciaalzaak;Veldpoortstraat 12 - Wijk bij Duurstede;8.5;Na de harde les kort na de opening vorig jaar zetten de jonge eigenaren alles op alles om beter voor de dag te komen. Verdiepten zich in de materie. En met succes. Goed gedaan.;Ja;Schoonmaken is top. Frisse haring. Zilver vanbuiten met mooie speklaag. Mals, ook nog iets romig. Ook een enigszins belegen smaak. Gewoon goed.;8.5;Gemiddeld;Zeer goed;71;2.20;3.09;6.9;14.2;Goed;17_034_16_089;210
Vishandel Jos;Grote Brink 2b - Borger;0.0;'Ik bid nie veur bruune boon'n' is de bekende uitspraak van Drenthes Bartje. Vervang bruine bonen door de haring van Jos en hij heeft groot gelijk. Dit is voer van de duvel.;Nee;Clupea harengus van het type canarius. Oftewel de kanarieharing. Het beestje ziet geel van ellende.'Gewoon viezigheid' zegt de keurmeester.;0.0;Bedorven;Zeer goed;63;2.20;3.49;5.5;11.4;Waarschuwingsfase;16_144;211
Het Vispaleis;Noorderveemarkt 3 - Hoorn;6.0;Beheersing van de temperatuur moet hier meer aandacht krijgen. Als de zomer straks echt doorbreekt en je werkt op dezelfde manier ligt een bedorven haring op de loer.;Ja;"Van de haring komt een sterk doorgerijpte lucht. Mooi zilver aan de buitenzijde; vanbinnen bruin verkleurd. Sterke rijping komt terug in de smaak.";7.0;Sterk;Goed;75;2.20;2.93;12.7;11.9;Zeer goed;16_079;212
Vishandel Bezuidenhout;Theresiastraat 163 - Den Haag;1.5;Telkens als je met zulke troep wordt geconfronteerd, slaat de verbijstering toe. Wie gaat nu zo met levensmiddelen om? Die spot met de gezondheid van klanten.;Nee;Een prutsertje: ingewanden, vuil van de snijplank en vooral veel graten. Bruine chocoladerepen. Rans, bitter en metalig. Tegen bederf aan.;2.0;Sterk;Slecht;69;1.75;2.53;7.2;7.7;Zeer goed;17_129;213
Vislokaal;Soesterbergsestraat 31 - Soest;6.5;Een nieuwe zaak waar het vooral een kwestie lijkt van puntjes op de i zetten. Meer aandacht voor het schoonmaken, temperatuur beter bewaken en alles komt vermoedelijk wel goed.;Ja;Graten en vuil van de snijplank. Ook zijn er hele happen uit het visvlees. Geen afwijkingen, maar ook niets dat het fijne van een nieuwe kenmerkt.;7.0;Gemiddeld;Matig;68;2.50;3.67;7.1;13.7;Zeer goed;17_075;214
Vishandel Konter;Haven 21 - Vollenhove;4.5;Vollenhove is je een pittoresk dorpje, zeker aardig om een keertje langs te gaan. Maar het is ook goed te weten welke plaatsen je als haringliefhebber moet mijden.;Nee;De lucht van de palingrokerij vind je in de haring terug. En waarom de binnenzijde niet even afgestreken? Bloed is donker verkleurd. Rans en bitter.;4.5;Sterk;Matig;63;2.00;3.17;5.4;10.5;Zeer goed;17_102;215
De Zilte Zee vis en delicatessen;Kampweg 24 - Doorn;0.0;Ik geloof u niet. Dit is lachwekkend' zegt de eigenaar van dit peperdure verkooppunt als hij wordt gewaarschuwd voor de kwaliteit. Okay dan niet. Droom maar rustig verder.;Ja;"Te hoge temperatuur omdat mijn klanten van een warmere haring houden'. Sterk bruin verkleurd; rans; muf; klef. Vieze vetsmaak. Braakneigingen.";1.0;Sterk;Matig;60;3.00;5.0;10.3;8.4;Zeer goed;16_136;216
Aldi;Muldershof 35 - Zevenaar;0.0;Gevraagd naar waar zij hun lekkerste haring kopen, antwoorden veel lezers: ‘de Aldi.’ Niet onze ervaring, maar misschien heeft het AD jaar in jaar uit wel buitengewoon veel pech.;Nee;Dit stinkt! Zuur en zwavel. Graten en smurrie. Verkleuringen van bruin, cyclaam tot bijna zwart. Braakneigingen. Goedkoop en veel te duur.;0.0;Bedorven;Matig;68;1.69(2 stuks);1.24;8.1;11.2;Zeer goed;17_142;217
Dagkraam;Bentinckplein - Rotterdam;7.0;Schoolvoorbeeld van een verkooppunt dat weliswaar voldoende scoort maar waar met iets meer kennis van zaken een veel beter resultaat te behalen zou zijn. Jammer.;Ja;Het vuil van de snijplank vind je in grote hoeveelheden op de haring terug. Te warm en te lang in de pekel. Dat komt de smaak niet ten goede.;7.5;Gemiddeld;Matig;57;2.00;3.5;8.6;11.1;Zeer goed;16_066;218
De Viswinkel;Noordvliet Noordzijde 3 - Maassluis;0.0;Ook goedemiddag. Oude viswinkel is in nieuwe handen overgegaan. Het was nooit best maar of dit beter is? Nee dus. Spijtig voor een oude haringhaven als Maassluis.;Nee;"Totale onkunde in optima forma. Met handen beetgepakt; temperatuur veel te hoog. Stinkbommen. Geel en cyclaam. Klevers. Meeuwenvoer!";0.0;Bedorven;Zeer goed;69;1.75;2.53;13.9;10.1;Voldoende;16_143;219
Haring Naatje;Purmerplein - Amsterdam;5.5;Elk jaar valt op hoe onbeschaamd hoog de prijzen in Amsterdam zijn. Onbegrijpelijk dat mensen bereid zijn om hier 2.50 euro voor neer te leggen. Dit voelt als oplichting.;Nee;"Haring ruikt een beetje vissig; niet fris. Moddervet beestje dat zijn beste tijd al heeft gehad. Karamel en bruin verkleurd. Korrelige vette hap.";5.5;Sterk;Goed;73;2.50;3.42;4.7;16.1;Zeer goed;16_087;220
Jumbo;Hadewychplaats 32 - Spijkenisse;2.5;Mede door hun prijsstelling zijn de supermarkten de grootste haringverkopers van het land. Treurig dat zij met hun wanproducten ook een smaaknorm neerzetten.;Nee;Speciaal voor u vandaag in de aanbieding: gele haringpasta. Oftewel, rans, rans en nog eens rans. Vieze plakkers met de kleur van een lijk.;3.0;Sterk;Goed;65;2.69 (2);2.07;8.6;8.7;Voldoende;17_122;221
Vishandel J. van de Geest;Verkoopwagen Pieter Stastokerf - Amersfoort;6.5;Je mag hem niet afkeuren. En zeker met een uitje erbij zal deze belegen Hollandse Nieuwe prima smaken op een broodje. Maar als haringliefhebber leg je de lat graag wat hoger.;Ja;Huid en graten. Het fileermes is te gretig gehanteerd. Haring aan binnenzijde bruin verkleurd. Niet echt fijn van smaak. Olieachtig en vettige smaak.;6.5;Sterk;Matig;72;1.95;2.6;5.9;5.9;Goed;17_078;222
Zeevishandel Brassem;t Groentje 4 - Domburg;3.0;Zo'n visdetaillist zal echt niet uit bed stappen met de gedachte: Vandaag ga ik mijn klanten eens flink vernachelen.' Dan weet hij nog wel waar hij mee bezig is. Nu niet.;Ja;Hollandse nieuwe laat zich in drie woorden recenseren: een vies ding. Plakt aan gehemelte. Korrelige structuur. Bitter en veel olie. Nare te vette hap.;4.5;Sterk;Goed;67;2.25;3.35;10.8;10.9;Waarschuwingsfase;16_110;223
Ruisvis;Verkoopwagen dagmarkt vrijdag Statenplein - Dordrecht;0.0;‘Zak toch in de stront’, reageert een verontwaardigde keurmeester als hij de verpakking opent. Eigenlijk zou je zo’n verkoper moeten dwingen zijn eigen product te eten. Misschien helpt dat.;Nee;08.30 uur en Ruisvis geeft zijn visitekaartje af. De haring ziet geel, zwart, bruin en cyclaam. Stinkt. Niet meer geschikt voor menselijke consumptie.;0.0;Bedorven;Goed;87;2.25;2.58;11.1;6.9;Afgekeurd;17_148;224
Visgilde Steehouwer;De Schoof 80 - Hendrik-Ido-Ambacht;9.0;Noblesse oblige en dat heeft oud-winnaar Peter Steehouwer prima begrepen. Ook hij geeft aan dat het dit jaar wel extra inspanning vereist om op topniveau te presteren.;Ja;Hollandse nieuwe uit het boekje. Zilver vanbuiten. Mooie glans en een witte speklaag. Vanbinnen fris rood en blank. Mals. Zilt. Romig. Goed werk.;9.0;Gemiddeld;Zeer goed;68;2.10;3.08;2.8;16.5;Zeer goed;16_014_17_017;225
Balk Visch aan het Spaarne;Friese Varkenmarkt 13a - Haarlem;7.5;Alle overige klanten worden bij de voornaam aangesproken en dat zegt iets over het soort verkooppunt. Gemoedelijk. Vriendelijk. Joviaal en dan is je haring voor je klanten top.;Ja;Iets te veel huid laten zitten. Neutrale geur. Oogt wel fris en transparant. Aan de erg hartige kant. Jammer want dat gaat ten koste van de smaak.;7.5;Gemiddeld;Goed;66;2.50;3.78;6.8;14.8;Zeer goed;16_061;226
De Visfuik;De Millystraat 9 - Zuidlaren;8.0;De Visfuik heeft al gedurende een reeks van jaren een plaats in de subtop. Dat is op zich een knappe prestatie. Klanten weten dat zij eigenlijk nooit teleurgesteld zullen weggaan.;Ja;Aan het schoonmaken is aandacht besteed. Mooi zilveren buitenzijde. Vanbinnen fris rood. Nog iets zilt en romig. Dit eet je niet voor je verdriet.;8.0;Gemiddeld;Zeer goed;61;2.00;3.27;6.3;10.8;Zeer goed;17_046_16_052;227
Vishandel Eddy;Weststraat 12 - Ouddorp;8.0;Met zijn stalletje bij de kerk heeft Eddy zich een zekere reputatie verworven in Ouddorp. Die zet hij voort in de winkel. De temperatuur is een verbeterpuntje.;Ja;De haring kan er nu nog goed mee door maar het omslagpunt ligt binnen handbereik. De bruinkleuring heeft al ingezet. Iets belegen smaak.;8.5;Gemiddeld;Zeer goed;72;1.95;2.7;7.3;15.4;Voldoende;16_039;228
Zeevishandel W. van Oosten;Buitenwatersloot 43 - Delft;0.0;Na een sluiting van enkele jaren is vishandel Van Oosten nieuw leven ingeblazen. Met de haring valt nog wel vooruitgang te boeken maar pak eerst die ernstige nabesmetting aan.;Ja;Aan het begin van een loopbaan kan haring schoonmaken best lastig zijn. Al flink gerijpt. Wel zuiver maar eindigt niet meer zo hoog als vorig jaar.;7.0;Gemiddeld;Matig;66;1.95;2.95;9.8;18.1;Afkeurenswaardig;16_134;229
Langouste;Winterakker 27 - Spijkenisse;8.5;Langouste vaart wel bij de goede kwaliteit haring dit jaar en scoort hoog. Nu is het de uitdagende opdracht dit niveau ook de rest van het jaar vast te houden.;Ja;"Frisse haring met nog iets van een zilte geur. Helderrood vanbinnen; zilver aan buitenzijde. Mals en nog een tikkeltje romig. Weer een van de betere.";8.5;Gemiddeld;Zeer goed;67;1.85;2.76;6.6;9.8;Zeer goed;16_036_17_079;230
Vispaleis Koelewijn;Vlijtseweg 184 - Apeldoorn;1.5;Schitterende winkel als onderdeel van nieuwe Dekamarkt. Waarom dan dit? Uit nonchalance? Ernstige aanval van bedrijfsblindheid. Doet er ook niet toe, maar doe er iets aan!;Nee;Afgezien van wat huid keurig schoongemaakt. Te lang op te hoge temperatuur laten liggen, is vragen om problemen. Nu niet te eten. Rans.;2.5;Sterk;Goed;59;2.00;3.38;10.2;9.0;Zeer goed;17_127;231
Van den Boogaart Visspecialiteiten;Hof van Holland 24 - Zwijndrecht;8.5;Van den Boogaart heeft zo veel vertrouwen in zijn eigen producten dat hij zichzelf voor de test aanmeldt. En terecht want dit is een stuk beter dan gemiddeld.;Ja;Fris en zuiver. Haring is al tikkeltje aangerijpt en de bruinkleuring begint op gang te komen. Toch ook nog een romig element. Kan er zeker mee door.;8.5;Gemiddeld;Zeer goed;66;2.00;3.03;4.6;13.3;Goed;16_033_17_041;232
Het Beste Maatje;Stationsstraat 1 a - Middelburg;8.5;Eigenaar Adriaan van Moort is ook docent bij de SVO-vakopleiding. Daar kan hij nu ook vertellen hoe belangrijk het is de temperatuur in de hand te houden. Mist daardoor top 10 plaats.;Ja;Ook hier weer een voortreffelijke haring met veel positieve kenmerken. Voor wie in Middelburg is en van haring houdt zeker de moeite waard.;9.0;Gemiddeld;Goed;65;2.20;3.38;8.6;10.1;Zeer goed;17_027;233
Visspecialist Marc van Mierlo;Schootsestraat 172 - Eindhoven;1.0;Hij noemt zichzelf visspecialist maar Marco doet er slim aan snel een ander vak te kiezen. Want wie zijn Hollandse nieuwe zo mishandelt geeft zichzelf een brevet van onvermogen.;Nee;"Graten en ingewanden. De geur is niet fris; het stinkt. Bruin en geel verkleurd. De haring is minimaal een dag eerder gesneden. Uitspugen die troep.";1.0;Sterk;Matig;56;2.00;3.57;3.4;6.9;Goed;16_130;234
Kapitein Jack;Thorbeckelaan/Colijnplein - Den Haag;5.5;Als een veldheer staat de eigenaar in zijn zaak commando's naar het personeel te blaffen. Het is eerder stuitend dan vermakelijk. En voor die haring hoef je ook niet in de rij te staan.;Ja;Klanten geven hoog op van Kapitein Jack. Maar waarom? Mooie en vette haring kleurt al bruin. Aan de hartige kant. Zacht visvlees met een bittertje.;6.0;Gemiddeld;Zeer goed;55;1.90;3.45;8.5;9.3;Zeer goed;16_085;235
Visspeciaalzaak Van Schoonhoven;Marktplein 11 - Bennekom;4.0;Kwaliteit laat zich met de mond gemakkelijk belijden. Overgebleven haring ook echt verwerken in plaats van te verkopen, is een heel ander verhaal. Boefjes zijn het.;Nee;Om 09.00 uur ruim je eerst op wat van de vorige dag is overgebleven. Beetgepakt met de handen. Bruin en roze. Vooral olie en bitter. Bah!;5.0;Sterk;Goed;64;2.25;3.51;4.3;6.4;Zeer goed;17_103;236
Vishandel Cor Bosman;Donderdagmarkt - Middelburg;1.0;Nederland blijft een raar land. Je wordt gepakt als je 5 kilometer te hard rijdt maar vishandelaren mogen ongestraft dergelijke tinnef verkopen. Haal dit van de markt!;Nee;Een wee en zure lucht stijgt op als de filets uit elkaar gaan. De binnenzijde ziet bruin en cyclaam. Kleverig en zacht. Een echte baggerharing. Jakkes!;2.0;Sterk;Goed;61;1.75;2.86;7.5;8.4;Waarschuwingsfase;16_126;237
Buurman Vis;Stationsstraat 8 - Twello;8.5;Het kost een aantal jaren om het product haring onder de knie te krijgen. Deze visdetaillist weet zich elk jaar een beetje te verbeteren. Daar is leergierigheid en inzet voor nodig.;Ja;"De haring ligt er mooi bij. Strak gesneden. Zilver vanbuiten. Fris rood en blank vanbinnen. Aangerijpt; mist zilt en romigheid. Maar toch smakelijk.";8.5;Gemiddeld;Zeer goed;71;2.25;3.16;6.3;11.5;Goed;16_035;238
Vishandel Heijeplein;J.P. Heijeplein 1 - Dordrecht;7.5;Kleine buurtzaak waar het de ondernemer ongetwijfeld de nodige moeite zal kosten het hoofd boven water te houden. Een goede haring kan daarbij een prima hulpmiddel zijn.;Ja;Haring wordt met veel aandacht schoongemaakt. Dat betekent wel dat de temperatuur oploopt. Zacht en iets olieachtig. Toch nog goed te noemen.;8.0;Gemiddeld;Zeer goed;77;1.85;2.4;9.7;10.6;Voldoende;16_053_17_047;239
Visspeciaalzaak Baarssen;Groenestraat 357 - Nijmegen;1.5;Tussen prijs en kwaliteit bestaat geen enkele relatie. Baarssen scoorde al eerder erg laag en bevestigt nu dat niet met haring kan worden omgaan. Categorie 'nitwit'.;Nee;Treurig wat je hier krijgt. De gele glans voorspelt al weinig goeds. Bruin en grauw verkleurd. Zeer sterk gerijpt. Smaakt verschrikkelijk.;2.0;Sterk;Zeer goed;68;2.50;3.67;9.0;8.6;Zeer goed;16_124;240
Vishandel 't Hoogertje;Kuipersstraat 45 - Vlaardingen;4.0;17.50 uur: iedereen is aan het opruimen en wil naar huis. Dan krijgt de klant de laatste exemplaren. En die liggen al een tijdje. En zo gooi je je naam te grabbel. Zonde.;Nee;Zacht visvlees. De haring is al bruin verkleurd. Ook zijn er gele accenten te zien en dat proef je. Licht rans. En weer die vette oliesmaak.;4.5;Gemiddeld;Goed;59;2.00;3.38;8.1;10.2;Goed;16_107;241
Visscher's Zeevishandel;Weekmarkt vrijdag Melkmarkt - Zwolle;5.0;De haring ligt nog voorgesneden klaar van de vorige dag. Daarmee geeft Visscher duidelijk aan hoe hij over kwaliteit denkt. Laten we maar zeggen dat die geen prioriteit heeft.;Nee;"Op wat smurrie na goed schoongemaakt. Doorgerijpte haring. Sterk belegen smaak. Veel olie in de mond; plakt tegen gehemelte. Niet prettig.";6.0;Sterk;Goed;73;2.00;2.73;7.9;15.4;Zeer goed;16_090;242
Volendammer Vishandel Kroon;Globeplein 67 - Almere;7.5;De hele zaak straalt liefde voor het vak uit. Fraaie presentatie in mooi opgemaakte vitrine. Kroon moet nog even een iets betere partij haring oppikken en dan is het helemaal top.;Ja;Netjes schoongemaakt. Vanbuiten mooi zilver, vanbinnen mooi blank visvlees. Hapt wel lekker weg, maar mist het zilte en het romige.;7.5;Gemiddeld;Goed;88;2.25;2.55;-2.2;11.7;Zeer goed;17_052;243
Albert Heijn;Cardo 12 - Houten;2.0;Op het etiket het Europese logo voor 'Gegarandeerd Traditionele Specialiteit'. Klantenbedrog want dit maatje voldoet op geen enkele wijze aan de geldende productspecificaties.;Nee;"Ontluchten helpt niet; de haring blijft zuur en bedorven ruiken. Ontbindingsproces vergevorderd. Geel en bruin en zwart verkleurd. Rans en bitter.";2.0;Sterk;Goed;67;2 / 2.50;1.86;6.7;12.6;Voldoende;16_120;244
De Jong Visspecialist;Utrechtsestraat 50 - IJsselstein;8.0;Als enige viswinkel in IJsselstein heeft De Jong natuurlijk een naam hoog te houden. Dat doet hij op keurige wijze. Een snelle blik in de vitrine leert dat het hier ook voor de rest wel goed zit.;Ja;Hier weten ze wat schoonmaken is. Een lust voor het oog en ook de smaakpapillen komen niets tekort. Stevige, hartige, iets belegen haring.;8.0;Sterk;Zeer goed;66;2.20;3.33;5.7;14.7;Goed;17_044;245
Vishoek Maru;Villapark - Rotterdam;7.0;In elk mens schuilt een verhaal. Leer deze mensen kennen en proef iets van de hardheid en tragiek die het leven kan brengen. En dan toch doorgaan. Dat verdient bewondering.;Ja;Goed schoongemaakt. Ruikt ver weg nog iets zilt. Transparant en blank visvlees. Aan binnenzijde iets verkleurd. Geen top, maar hapt wel lekker weg.;7.0;Gemiddeld;Goed;67;2.00;2.98;6.9;10.7;Zeer goed;17_070;246
Visspeciaalzaak De Haan;Hoofdstraat 187 - Voorthuizen;2.0;Papa-mamazaakje zoals je dat nog regelmatig tegenkomt en waarbij je je afvraagt hoe het overeind blijft. In elk geval niet door deze kwaliteit te leveren. Zo jaag je je klanten weg.;Nee;"Op het pakpapier ligt een bruine vette en glibberige drab. Even diep ademhalen en toch maar proeven. Rans; boterzacht en bitter. Getver!";3.0;Sterk;Goed;59;2.10;3.55;8.9;13.1;Waarschuwingsfase;16_117;247
Vishandel Heijeplein;J.P. Heijeplein 1 - Dordrecht;8.0;Een kleine buurtzaak waar je altijd correct wordt geholpen. Er is aandacht voor de producten en voor de klanten. Als dit het algemene niveau was, zou de branche er beter voorstaan.;Ja;Vriendelijk personeel serveert een keurige haring. Mals en nog iets romig. Buitenzijde zilver. Fris en vanbinnen mooi helder rood en blank.;8.0;Gemiddeld;Goed;80;1.85;2.31;6.5;10.6;Goed;17_047_16_053;248
Visspecialist Spijkenisse;Winterakker 27 - Spijkenisse;6.5;Een Hollandse Nieuwe die je niet mag afkeuren, maar waar je de echte liefhebber ook weinig plezier mee zult doen. Het is allemaal zo middelmatig. Ga de uitdaging eens aan.;Ja;Ook deze haring heeft zijn frisheid al weer enige tijd achter de rug. Stevig visvlees. Karamel verkleurd. De bekende typisch belegen smaak.;6.5;Gemiddeld;Matig;60;2.00;3.33;6.2;7.2;Goed;17_079_16_036;249
Vis Expo;Nieuwstraat 22 - Middelharnis;3.5;Zou zo’n visdetaillist zijn eigen producten weleens proeven? Vermoedelijk niet, anders is het niet te verklaren dat dit zo over de toonbank gaat. Klanten gooien hun geld weg.;Ja;Opperhuid, lange hoofdgraat en smurrie. Bloed is donkerrood verkleurd en geeft een bittere smaak. Ruikt en smaakt ook nog rans. Treurig!;4.5;Sterk;Matig;58;1.85;3.36;12.6;9.2;Goed;17_112;250
Vishandel ‘de Goeie Ouwe Tijd’;De Loper 81 - Vlaardingen;0.5;Het oogt hier allemaal niet bijster schoon. Pakt haring met de handen beet, draagt een ring, vieze kleding. Is dit gebrek aan kennis of gewoon desinteresse?;Nee;‘Wat een preutenlucht’, roept de keurmeester spontaan. Vlezige haring, zwart verkleurd, tegen bederf aan. Huid, graten en ingewanden. Bah.;2.0;Sterk;Matig;65;1.75;2.69;11.9;10.8;Zeer goed;17_133;251
Visgilde Rijsemus;Kamperfoelielaan 55-57 - Ede;4.5;Een ooit gerenommeerde viswinkel laat de boel een beetje de boel. Zoals ze zeggen: een goede reputatie komt te voet en gaat te paard. Oftewel: werk aan de winkel.;Ja;Ook hier is het frisse wel weg. Alle positieve elementen zijn verdwenen. De haring kleurt reebruin. Een hap levert een mond vol bittere olie op. Bah!;5.0;Gemiddeld;Goed;64;2.25;3.51;8.6;12.2;Zeer goed;16_098;252
024 Vis;Zwaneveld 8020 - Nijmegen;5.5;De scheidslijn tussen een voldoende en een onvoldoende kan soms flinterdun zijn. Op smaak valt het muntje de goede kant op. Maar een scherpere werkhouding is noodzakelijk.;Nee;Tikkeltje belegen haring die alle frisse componenten achter zich heeft gelaten. Binnenzijde bruin verkleurd. Zo’n beetje de middelmaat.;7.0;Licht;Goed;77;2.75;3.57;8.9;4.6;Slecht;17_086;253
Het Neusje van de Zalm;Molenplein 12 - Heerenveen;3.0;in de winkel een spontaan taallesje hoe je vijf zoute haringen in het Fries bestelt: ‘Fiif sâlte hjerring.’ Voor de termen bitter, tranig en karamel blijft de vertaling achterwege.;Nee;Aardige verkoopster, maar wat over de toonbank gaat, is prut. Ruikt naar traan. Karamel en bruin verkleurd. Ook nog bitter. Vies ding.;3.5;Gemiddeld;Zeer goed;72;2.25;3.12;8.2;12.7;Zeer goed;17_118;254
Volendammer Vishandel Johan Schilder;Europaboulevard 361 - Alkmaar;9.0;Het is altijd een lust voor het oog om een vakman aan het werk te zien. Johan Schilder laat niet voor het eerst zien dat hij weet waar hij mee bezig is. Oordeel zelf.;Ja;Hollandse nieuwe ligt erbij als een plaatje. Je ruikt de zee. Mooi blank en fris rood. In de smaak komen zilt en romig terug. Kortom: een toppertje.;9.0;Gemiddeld;Zeer goed;79;2.00;2.53;4.1;13.0;Zeer goed;16_019_17_029;255
De Graaf's Visspecialiteiten;Westwal 6 - Leerdam;8.5;Leerdammers mogen blij zijn met een dergelijke viswinkel in de gemeenschap. Hoewel de zenuwen toeslaan met het AD in de winkel wordt toch een goede prestatie geleverd. Top!;Ja;Ruikt en oogt fris. Perfect schoongemaakt. Buitenzijde zilver en witte speklaag Van binnen fris rood en blank. Op smaak iets belegen. Gewoon goed.;8.5;Gemiddeld;Zeer goed;69;2.25;3.26;3.3;15.7;Zeer goed;16_030_17_004;256
Fijnvishandel Santpoort aan Zee;Broekbergenlaan 44 - Santpoort;8.5;Deze winkel staat bij de lokale bevolking bekend als goed, maar wel aan de prijzige kant. Dat kan hier overigens wel lijden. Geld neerleggen voor slechte kwaliteit is altijd veel duurder.;Ja;Nette Nieuwe waarin alle positieve kenmerken nog in meer of mindere mate terug te vinden zijn. Iets zilt en romig. Best wel smakelijk hapje.;8.5;Gemiddeld;Zeer goed;79;2.40;3.03;6.2;9.6;Zeer goed;17_033;257
Urker Visspecialiteiten Baarssen;Noorderwagenplein 10 - Lelystad;5.5;De zaak ademt de sfeer van het bekende gooi- en smijtwerk. Alles gaat razendsnel, maar de zorgvuldigheid lijkt daarmee het kind van de rekening. In feite een tientje weggegooid hier.;Nee;Graten, huid en smurrie. Het snellere schoonmaakwerk. De haring is alles kwijt wat het beestje zo aantrekkelijk maakt. Korrelig en olieachtig.;5.5;Gemiddeld;Matig;82;2.25;2.71;6.1;10.0;Zeer goed;17_093;258
Marqt;Ceintuurbaan 402 - Amsterdam;4.0;Vermoedelijk is de omloopsnelheid van Hollandse nieuwe hier niet erg hoog. De verkoper mist ervaring met en kennis over dit product. Maar dat weten de meeste klanten niet.;Ja;Verkoper doet er eindeloos over om vier haringen te snijden en laat huid en graten en soep zitten. Bruin verkleurd. Klef vet en olieachtig. Onaangenaam.;5.0;Gemiddeld;Matig;76;1.99;2.61;10.4;9.2;Zeer goed;16_105;259
Vishandel M.&F.van de Groep;Weekmarkt zaterdag Tjalmastraat - Doetinchem;4.0;Om 08.30 uur het eerste adres van de dag. Een uitstekend harinkje om het ontbijt weer omhoog te laten komen. Niet aan denken dat je deze haring een paar uur later koopt.;Nee;Haring lijkt bewerkt met een bijl. Happen vlees missen maar heeft wel huid en te lange graat. Bruin verkleurd. Vet en olieachtig met bittere nasmaak.;5.5;Sterk;Matig;50;1.90;3.8;12.8;15.0;Zeer goed;16_104;260
Albert Heijn;Burgemeester Cortenstraat 8 - Maastricht;1.5;Het filiaal wordt om 19.00 uur beleverd en AD verwacht daarom om 19.55 uur een frisse haring. Dat pakt anders uit. AH lijkt de productie/logistiek maar niet onder de knie te krijgen.;Nee;Rafelige rand. Ruikt zuur. Filets kleven aan elkaar. Plakkers. Lijkenkleur. Zeer vet en olieachtig. Blijft plakken aan gehemelte. Ook erg rans. Brrr.;2.0;Sterk;Goed;62;2 /1.99;1.6;9.1;12.7;Zeer goed;16_125;261
Vispaleis 't Spil;t Spil 33a - Monnickendam;4.0;Een verkooppunt dat een schande is voor de branche. Veel ziet er vies uit en er wordt niet hygienisch gewerkt. Alsof de tijd hier decennialang heeft stilgestaan. Weg hier.;Nee;Ruikt als nat karton. Man pakt de haring met de handen en veegt die af aan smoezelige kleding. Werkt buiten zonder koeling. Haring bruin en vet.;6.0;Sterk;Goed;72;2.25;3.12;10.7;8.7;Waarschuwingsfase;16_102;262
Visspecialist R. Bijl;Broersveld 113b - Schiedam;4.5;Het komt steeds op hetzelfde neer: wie dit verkoopt als een Hollandse nieuwe zet zichzelf voor joker. Wonder boven wonder accepteren klanten het ook nog. Niet doen!;Ja;"Haring waaruit alle aangename eigenschappen zijn verdwenen. Ruikt al iets rans en dat is ook te proeven. Erg belegen en vet; mond vol olie.";4.5;Sterk;Goed;49;1.90;3.87;6.6;14.0;Goed;16_101;263
Lindsey's Visspeciaalzaak;Veldpoortstraat 12 - Wijk bij Duurstede;5.0;Net vier weken open en dan al op voor de ultieme proef. Beschouw het als een leermoment - vooral op het gebied van hygiene. Pak de uitdaging op en doe er je voordeel mee.;Ja;"De dertiende in een dozijn met een te lang verblijf in de emmer. Zacht visvlees; onvoldoende koud en daardoor de oliesmaak die je niet wilt.";6.0;Sterk;Matig;58;2.20;3.79;7.1;15.5;Waarschuwingsfase;16_089_17_034;264
t Visboertje;Kraam Bergse Dorpsstraat /Argonautenweg - Rotterdam;0.0;"Hoogst onverantwoord hoe 't Visboertje werkt. Geen koeling; een vieze kledderzooi. Deze haring voer je nog niet aan de zeeleeuwen in Blijdorp. Sluiten die tent. En wel onmiddellijk.";Nee;"Graten. Vuil van de plank en ingewanden. Ruikt wee en naar zoet bederf. Donkerrood tot zwart gekleurd bloed. Doorgerijpt; muf; vet; klef en rans.";1.0;Sterk;Matig;52;2.50;4.8;10.8;7.6;Zeer goed;16_137;265
Poisson & Cuisine De Molen;Meester Snijderweg 55 - Stellendam;4.0;In de winkel hangt een penetrante en overheersende lucht van schoonmaakmiddel. Maar voor een haring hoef je hier niet aan te leggen. Verspilling van tijd en geld.;Nee;Ruikt net zo belegen als hij smaakt. Donkerrood. Bruin en geel. Plakt en heeft een muffe smaak. Grens van afkeurenswaardig overschreden.;5.0;Sterk;Goed;79;1.85;2.34;9.1;6.2;Waarschuwingsfase;16_103;266
Visgilde John Vermaas;Mia van IJperenplein 101 - Rotterdam;8.97;Op zijn eigen wijze timmert John Vermaas al vele jaren aan de weg, waarbij hij Kwaliteit met een hoofdletter in het vaandel heeft staan. Heeft duidelijke mening over straatverkoop.;Ja;En weer een haring waarop eigenlijk niets aan te merken valt. Alle positieve kenmerken zijn in meer of mindere mate aanwezig. Gewoon goed.;8.97;Gemiddeld;Zeer goed;64;2.00;3.12;5.4;10.8;Zeer goed;17_024;267
Spakenburgse Vishandel Vathorst;Cruquius 98 - Amersfoort;2.0;Ze bestaan dus nog: Spakenburgse cowboys. Zaak en personeel ademen een sfeer van onverschilligheid en gebrekkige bedrijfsvoering. Jammer want een goede viswinkel op dit punt.;Nee;"Hoofdgraat veel te lang; ook veel overige graten. Ruikt erg gerijpt. Rans en olie. Rotzooi. Vieze kleding. Geld wordt met handschoenen aangepakt.";3.0;Gemiddeld;Matig;53;2.20;4.15;10.3;11.0;Goed;16_121;268
Vishandel Ben van Doesburg;Franciscusdreef 47 - Utrecht;4.5;Zaak van het betere gooi- en smijtwerk. Vieze kleding. Handen vol ringen en smoezelige doekjes. Verkooppunt dat je het liefst vergeet. Geen winkel om naar terug te keren.;Ja;Huid en graten en vuil van de snijplank. Haring ruikt naar gebakken vis. Bruin verkleurd en doorgerijpt. Zacht en papperig visvlees. Smaakt ook rans.;5.0;Sterk;Matig;65;1.95;3.0;7.2;16.5;Zeer goed;16_095;269
Visspeciaalzaak Havenzicht;Bisschopsmolenstraat 96 - Etten-Leur;9.0;Een paar jaar geleden opende Havenzicht de deuren. Vanaf het begin is het niveau hoog geweest. Knap als je dat voor elkaar krijgt. Ga vooral zo door.;Ja;Een topadres waar gewoon elke haring vers van het mes komt. Met zorg en aandacht behandeld. Mals en zilt en nog iets romig.;9.0;Gemiddeld;Zeer goed;62;2.20;3.54;3.9;15.5;Zeer goed;16_018;270
Haringshop Eudokiaplein;Eudokiaplein - Rotterdam;6.0;Straatverkopers zoals je die alleen in Rotterdam en omgeving gedurende een paar weken per jaar kunt aantreffen. Een folkloristische manier van doen, in feite niet van deze tijd.;Ja;Opperhuid, een te lange hoofdgraat en niet strak gesneden. Te hoge temperatuur en dat proef je. Hartig, gerijpt en pekelsmaak.;6.5;Gemiddeld;Matig;63;1.80;2.85;9.4;7.0;Goed;17_084;271
Boni;Noordbargerstraat 5 - Emmen;0.0;De enige conclusie na zoveel jaren testen is dat het management alleen naar de opbrengst en niet naar de kwaliteit kijkt. Oftewel: niets nieuws onder de zon. Schandalig!;Nee;"Haring of regenboogforel? Het beestje heeft alle kleuren: geel en bruin; cyclaam; karamel en wit. Doods; rans; grauw en flets. En - detail - is niet te eten.";0.0;Bedorven;Goed;69;2 / 2.49;1.8;2.5;9.0;Zeer goed;16_139;272
Vishandel Gebroeders Simonis;Visafslagweg 20 - Den Haag;10.0;Team-Simonis stond weken op scherp 'zoals wij dat het hele jaar willen zijn'. Wie de lat voor zichzelf hoog legt en eroverheen kan springen is een terechte winnaar.;Ja;Dennis Simonis selecteert. Zoon Jordy beslist. Beyhan Turk tovert met haar mes en de rest is geschiedenis. Zonder twijfel de beste haring.;10.0;Gemiddeld;Zeer goed;61;1.85;3.03;2.6;14.2;Zeer goed;16_001_17_003;273
Visspecialist Martin den Heijer;Fahrenheitstraat 656 - Den Haag;8.97;Mooie viswinkel waar het goed toeven is. Ook dit keer laat Martin den Heijer zien dat hij het hele proces van de Hollandse Nieuwe onder de knie heeft. Hij weet waar hij mee bezig is.;Ja;Vakmensen aan het werk zien: altijd een genoegen. De geur is zilt, het visvlees mooi blank en de smaak zoals een Hollandse Nieuwe kan smaken.;8.97;Licht;Zeer goed;75;1.95;2.6;5.6;13.2;Zeer goed;17_025_16_020;274
Vishandel Ruud den Haan;Oudedijk 145 - Rotterdam;10.0;Op hun eigen rustige manier werken de gebroeders Den Haan aan hun zaak. En hun uitstekende haring is daarbij een geweldige reclame. Probeer het maar eens.;Ja;Een goede haring is geen toeval maar een kwestie van vakmanschap. Dat wordt hier in de praktijk gebracht. Mals, zilt en romig. Beslist top!;10.0;Gemiddeld;Zeer goed;77;2.25;2.92;3.3;12.0;Zeer goed;17_001_16_009;275
Visgilde Gebroeders De Block;Raadhuisplein 57a - Krimpen aan den IJssel;9.5;Gebroeders De Block bewijzen al jarenlang dat zij de haring in hun vingers hebben. Zo lang aan de top meedraaien is geen toeval - daar komt vakmanschap en inzet bij kijken.;Ja;Haringsnijdster levert schitterend werk. Hollandse nieuwe met een lekkere bite. Alle bekende superlatieven zijn ook hier weer van toepassing.;9.5;Gemiddeld;Zeer goed;63;2.20;3.49;4.1;10.6;Zeer goed;16_007;276
Visspeciaalzaak Gebroeders De Block;Raadhuisplein 57 a - Krimpen a/d IJssel;7.5;Als detaillist kun je bij je groothandel je eigen partij uitzoeken, maar je bent toch afhankelijk van wat er voorhanden is. Klaarblijkelijk heeft De Block dit jaar een beetje pech gehad.;Ja;Haring ziet er goed uit, maar valt op smaak een beetje tegen. Water-en-windbeestje zonder specifieke negatieve of positieve eigenschappen.;7.5;Groen;Zeer goed;62;2.20;3.54;5.6;12.7;Zeer goed;17_056;277
Visgilde Oosterschelde;Lombardenstraat 2 - Bergen op Zoom;9.5;Martha Schot en zoon Arie staan als een rots in de branding. Visgilde Oosterschelde is een van de weinige viszaken buiten de Randstad waar de waar altijd in orde is.;Ja;Hollandse nieuwe zoals Hollandse nieuwe bedoeld is. Hier vieren je smaakpapillen hun eigen feestje. Is er toevallig nog eentje extra over?;9.5;Gemiddeld;Zeer goed;58;2.10;3.62;1.5;14.6;Goed;16_006;278
Vis.;Lange Baan 34 - Nootdorp;9.0;Jonge ondernemer beseft dat haring een van de pijlers is waarop de zaak drijft en doet er alles aan zich op dit punt te onderscheiden. Dat doet hij prima. Ga maar proeven.;Ja;Ondanks de zenuwen zeer goed schoongemaakt. Ruikt fris en zilt. Op zowel binnen- als buitenzijde is niets aan te merken. Geweldige smaak.;9.0;Gemiddeld;Zeer goed;62;2.25;3.62;5.3;13.9;Zeer goed;16_023_17_020;279
Vishandel Atlantic;Levendaal 118 - Leiden;8.97;Meervoudig oud-winnaar Atlantic laat een steekje vallen. Op dit niveau kunnen ook kleine vergissingen ‘fataal’ zijn. Misschien het eerste signaal dat de scherpte niet meer optimaal is?;Ja;De haring op zich is uitstekend van smaak, maar het plezier wordt vergald doordat de kopgraten niet zijn verwijderd. Dat eet heel vervelend.;8.97;Licht;Goed;72;1.60;2.22;2.0;12.5;Zeer goed;17_014_16_002;280
Vishandel Ruud den Haan;Oudedijk 145 - Rotterdam;9.03;De nummer 2 van vorig jaar handhaaft zich in de bovenste regionen. Kleine winkel waar Kwaliteit en Klantvriendelijkheid nog met een hoofdletter worden geschreven.;Ja;Den Haan maakt de hooggespannen verwachtingen waar met een Hollandse nieuwe die smelt op de tong. Wat kan haring toch lekker zijn.;9.03;Gemiddeld;Zeer goed;71;2.25;3.16;1.9;13.4;Zeer goed;16_009_17_001;281
Visgilde De Zeeland;Markiezaatsweg 11 b - Bergen op Zoom;9.9;Met schitterende, pas geopende winkel in voormalige suikerfabriek geeft de familie Schot fantastisch visitekaartje af. Kwaliteit op het hoogste niveau.;Ja;De vakkundige handen van Martha Schot toveren weer een plaatje tevoorschijn. Een lust voor oog en smaakpapillen. Echt geweldig.;9.9;Gemiddeld;Zeer goed;75;2.10;2.8;2.7;13.7;Zeer goed;17_002;282
Vishandel Simonis;Visafslagweg 20 - Den Haag;9.8;Dennis en zoon Jordi zetten beste hun beentje weer voor. Kwaliteit is geen toeval, maar hard werken en bewijs van vakmanschap. Na winst in 2015 en 2016 wederom een topprestatie.;Ja;Hoge bomen vangen veel wind en elk jaar komen er mails dat de haring bij Simonis tegenvalt. Onzin. Absolute topkwaliteit. Beslist proeven.;9.8;Gemiddeld;Zeer goed;76;1.85;2.43;2.5;12.3;Zeer goed;17_003_16_001;283
Vis.;Lange Baan 34 - Nootdorp;8.97;Groot respect voor jonge ondernemers als eigenaar Niels van de Coterlet. Harde werkers die niet alleen een mooie zaak opbouwen, maar ook bereid zijn te leren en kennis op te doen.;Ja;Fris en zilt. Zilver met een mooie speklaag. Spierweefsel aan buitenzijde iets verkleurd, maar dat is eigen aan dit type haring. Op smaak mals en iets romig.;8.97;Gemiddeld;Zeer goed;71;2.25;3.16;3.1;12.6;Zeer goed;17_020_16_023;284
Visspecialist Martin den Heijer;Fahrenheitstraat 656 - Den Haag;9.0;Mooie recent geopende viszaak met schitterend interieur. Als je dan ook nog eens een uitstekend maatje geserveerd krijgt weet je dat je een nieuw topadres hebt ontdekt.;Ja;Den Heijer werd bij wijze van spreken met een haring in zijn mond geboren. Dan weet je waarmee je bezig bent en dat blijkt. Gewoon erg goed.;9.0;Gemiddeld;Zeer goed;54;2.00;3.7;4.3;18.8;Goed;16_020_17_025;285
Vishandel Atlantic;Levendaal 118 - Leiden;9.97;Atlantic grijpt net naast de hoofdprijs. Geen schande want de concurrentie wordt elk jaar groter. Na drie eerste plaatsen in voorgaande jaren wederom een topprestatie.;Ja;Atlantic dubde lang welke partij van de groothandel zou worden betrokken. Vanzelfsprekend pakte de keuze goed uit. Topharing. Ga proeven!;9.97;Gemiddeld;Zeer goed;66;1.75;2.65;2.0;13.5;Zeer goed;16_002_17_014;286
Mediterranee;Vierambachtstraat 135 - Rotterdam;8.0;Geen vork gebruikt, vuil op de vloer, geen schone bedrijfskleding, handschoenen dragen maar wel geld aanpakken. Signalen dat het met de hygiëne beter kan. Wees daarop attent.;Nee;Jammer dat de haring niet vers van het mes wordt gesneden. Wordt met blote handen van de schaal gepakt. Iets belegen, wel goed van smaak.;8.5;Licht;Zeer goed;76;1.60;2.1;4.7;11.4;Goed;17_035;287
Volendammer Vishandel Koning;Bogaardplein 10 - Rijswijk;9.97;Lastig verwerkbare haring bezorgt Koning menig zweetdruppeltje. Het tekent de vakman dat hij zich ook onder die omstandigheden in de top weet te handhaven.;Ja;Fanatieke visdetaillist zoekt tot op het laatste moment naar de ideale partij haring. Die Vindt hij. Hij vertrouwt de nieuwe leverancier en scoort!;9.97;Gemiddeld;Zeer goed;66;1.95;2.95;4.2;14.6;Zeer goed;16_003_17_008;288
LKKR;Tsjaikovskistraat 1 - Rhoon;7.5;Onwillekeurig heb je bij een verkooppunt een bepaald verwachtingspatroon. Vooraf was LKKR dan ook hoger ingeschat. Niet slecht, maar het kan gewoon zoveel beter.;Nee;Mals is nog de beste eigenschap. Voor de rest is al het frisse wel verdwenen. Vanbinnen iets bruin verkleurd. Ook een licht zoete bijsmaak.;7.5;Gemiddeld;Zeer goed;65;2.50;3.89;2.9;12.9;Zeer goed;17_053;289
Schmidt Zeevis;Matlingeweg 333 - Rotterdam;9.5;Vanuit het nieuwe onderkomen - met Rotterdamse flair gebouwd in de vorm van een schip - geeft Schmidt een fraai visitekaartje af. Oprechte felicitaties dat dit is gelukt.;Ja;Schmidt zet zijn beste beentje voor met perfect gesneden topharing. Komt een fractie tekort op 'romig' maar wie daarover valt is een zeurpiet.;9.5;Gemiddeld;Zeer goed;73;2.50;3.42;1.5;1.3;Zeer goed;16_005_17_006;290
Volendammer Vishandel Koning;Bogaardplein 10 - Rijswijk;9.3;Kees Koning is al meer dan tien jaar een vaste waarde in de top 10. Dat zegt alles over zijn inzet, passie en vakmanschap. Een visdetaillist zoals je die niet vaak zult tegenkomen.;Ja;Fris en zilt, zeer goed schoongemaakt. Glanzend zilver vanbuiten, transparant en blank vanbinnen. Prima haring met een mooie volle smaak.;9.3;Gemiddeld;Zeer goed;74;2.00;2.7;2.9;11.6;Zeer goed;17_008_16_003;291
Schmidt Zeevis;Matlingeweg 333 - Rotterdam;9.5;Nederlands bekendste viswinkel blijft een fenomeen. Zoek een parkeerplaats naast de Maserati’s, Porsches, BMW’s en talloze SUV’s. Schmidt is een geweldige beleving, in vele opzichten.;Ja;Schmidt zet weer zijn beste beentje voor. Veel zilver, mooie glans en blank vlees. Heerlijk frisse haring met een volle romige smaak. Een topper.;9.5;Gemiddeld;Zeer goed;72;2.50;3.47;1.9;13.4;Zeer goed;17_006_16_005;292
